%% This BibTeX bibliography file was created using BibDesk.
%% http://bibdesk.sourceforge.net/


%% Created for Joseph Richards at 2012-02-22 09:29:24 -0800 


%% Saved with string encoding Unicode (UTF-8) 



@article{2009AJ....137.4400L,
	Adsnote = {Provided by the SAO/NASA Astrophysics Data System},
	Adsurl = {http://adsabs.harvard.edu/abs/2009AJ....137.4400L},
	Archiveprefix = {arXiv},
	Author = {{Lang}, D. and {Hogg}, D.~W. and {Jester}, S. and {Rix}, H.-W.},
	Date-Added = {2012-02-22 09:27:50 -0800},
	Date-Modified = {2012-02-22 09:27:50 -0800},
	Doi = {10.1088/0004-6256/137/5/4400},
	Eprint = {0808.4004},
	Journal = {\aj},
	Keywords = {astrometry, methods: statistical, quasars: general, stars: kinematics, stars: low-mass, brown dwarfs, techniques: image processing},
	Month = may,
	Pages = {4400-4411},
	Title = {{Measuring the Undetectable: Proper Motions and Parallaxes of Very Faint Sources}},
	Volume = 137,
	Year = 2009,
	Bdsk-Url-1 = {http://dx.doi.org/10.1088/0004-6256/137/5/4400}}

@article{2011arXiv1106.2832R,
	Author = {{Richards}, J.~W. and {Starr}, D.~L. and {Brink}, H. and {Miller}, A.~A. and {Bloom}, J.~S. and {Butler}, N.~R. and {Berian James}, J. and {Long}, J.~P. and {Rice}, J.},
	Date-Added = {2011-11-10 09:58:43 -0800},
	Date-Modified = {2011-11-10 10:09:49 -0800},
	Journal = {\apj},
	Month = December,
	Title = {{Active Learning to Overcome Sample Selection Bias: Application to Photometric Variable Star Classification}},
	Volume = {743},
	Year = 2011}

@unpublished{br11,
	Adsnote = {Provided by the SAO/NASA Astrophysics Data System},
	Adsurl = {http://adsabs.harvard.edu/abs/2011arXiv1104.3142B},
	Archiveprefix = {arXiv},
	Author = {{Bloom}, J.~S. and {Richards}, J.~W.},
	Date-Added = {2011-06-13 23:14:19 -0700},
	Date-Modified = {2011-06-14 14:18:16 -0700},
	Eprint = {1104.3142},
	Journal = {ArXiv e-prints},
	Keywords = {Astrophysics - Instrumentation and Methods for Astrophysics},
	Month = apr,
	Note = {{arXiv/1104.3142}},
	Primaryclass = {astro-ph.IM},
	Title = {{Data Mining and Machine-Learning in Time-Domain Discovery {\amp} Classification}},
	Year = 2011}

@inproceedings{yan2003,
	Author = {Rong Yan and Jie Yang and Alexander Hauptmann},
	Booktitle = {Ninth IEEE International Conference on Computer Vision},
	Date-Added = {2011-06-13 23:12:43 -0700},
	Date-Modified = {2011-06-14 14:16:26 -0700},
	Pages = {516--523},
	Publisher = {Press},
	Title = {Automatically Labeling Video Data Using Multi-class Active Learning},
	Year = {2003}}

@inproceedings{brinker2003,
	Author = {Klaus Brinker},
	Booktitle = {In Proceedings of the 20th International Conference on Machine Learning},
	Date-Added = {2011-06-13 23:11:36 -0700},
	Date-Modified = {2011-06-13 23:11:43 -0700},
	Pages = {59--66},
	Publisher = {AAAI Press},
	Title = {Incorporating diversity in active learning with support vector machines},
	Year = {2003}}

@article{2007ApJ...660.1486S,
	Adsnote = {Provided by the SAO/NASA Astrophysics Data System},
	Adsurl = {http://adsabs.harvard.edu/abs/2007ApJ...660.1486S},
	Author = {{Soszy{\'n}ski}, I.},
	Date-Added = {2011-06-12 08:00:02 -0700},
	Date-Modified = {2011-06-12 08:00:02 -0700},
	Doi = {10.1086/513012},
	Eprint = {arXiv:astro-ph/0701463},
	Journal = {\apj},
	Keywords = {Stars: Binaries: Close, Stars: Planetary Systems, Stars: AGB and Post-AGB},
	Month = may,
	Pages = {1486-1491},
	Title = {{Long Secondary Periods and Binarity in Red Giant Stars}},
	Volume = 660,
	Year = 2007,
	Bdsk-Url-1 = {http://dx.doi.org/10.1086/513012}}

@article{2004MNRAS.349.1059W,
	Adsnote = {Provided by the SAO/NASA Astrophysics Data System},
	Adsurl = {http://adsabs.harvard.edu/abs/2004MNRAS.349.1059W},
	Author = {{Wray}, J.~J. and {Eyer}, L. and {Paczy{\'n}ski}, B.},
	Date-Added = {2011-06-12 07:58:19 -0700},
	Date-Modified = {2011-06-12 07:58:19 -0700},
	Doi = {10.1111/j.1365-2966.2004.07587.x},
	Eprint = {arXiv:astro-ph/0310578},
	Journal = {\mnras},
	Keywords = {stars: variables: other, Galaxy: bulge},
	Month = apr,
	Pages = {1059-1068},
	Title = {{OGLE small-amplitude variables in the Galactic bar}},
	Volume = 349,
	Year = 2004,
	Bdsk-Url-1 = {http://dx.doi.org/10.1111/j.1365-2966.2004.07587.x}}

@article{2011AcA....61....1S,
	Adsnote = {Provided by the SAO/NASA Astrophysics Data System},
	Adsurl = {http://adsabs.harvard.edu/abs/2011AcA....61....1S},
	Archiveprefix = {arXiv},
	Author = {{Soszy{\'n}ski}, I. and {Dziembowski}, W.~A. and {Udalski}, A. and {Poleski}, R. and {Szyma{\'n}ski}, M.~K. and {Kubiak}, M. and {Pietrzy{\'n}ski}, G. and {Wyrzykowski}, {\L}. and {Ulaczyk}, K. and {Koz{\l}owski}, S. and {Pietrukowicz}, P.},
	Date-Added = {2011-06-11 11:07:39 -0700},
	Date-Modified = {2011-06-11 11:07:39 -0700},
	Eprint = {1105.6126},
	Journal = {\actaa},
	Keywords = {Stars: variables: RR Lyrae, Stars: oscillations (including pulsations), Stars: Population II, Galaxy: center, Galaxies: individual: Sagittarius Dwarf Spheroidal Galaxy},
	Month = mar,
	Pages = {1-23},
	Primaryclass = {astro-ph.SR},
	Title = {{The Optical Gravitational Lensing Experiment. The OGLE-III Catalog of Variable Stars. XI. RR Lyrae Stars in the Galactic Bulge}},
	Volume = 61,
	Year = 2011}

@article{chaloner1995bayesian,
	Author = {Chaloner, K. and Verdinelli, I.},
	Date-Added = {2011-06-09 13:51:47 -0700},
	Date-Modified = {2011-06-09 13:51:47 -0700},
	Journal = {Statistical Science},
	Number = {3},
	Pages = {273--304},
	Publisher = {JSTOR},
	Title = {Bayesian experimental design: A review},
	Volume = {10},
	Year = {1995}}

@unpublished{long2011,
	Author = {Long, J. and El Karoui, N. and Rice, J. and Richards, J.~W. and {Bloom}, J.~S.},
	Date-Added = {2011-06-09 13:30:39 -0700},
	Date-Modified = {2011-06-13 23:10:22 -0700},
	Note = {in Preparation},
	Title = {Noisification},
	Year = {2011}}

@article{2009A&A...506..411A,
	Adsnote = {Provided by the SAO/NASA Astrophysics Data System},
	Adsurl = {http://adsabs.harvard.edu/abs/2009A%26A...506..411A},
	Archiveprefix = {arXiv},
	Author = {{Auvergne}, M. and {Bodin}, P. and {Boisnard}, L. and {Buey}, J.-T. and {Chaintreuil}, S. and {Epstein}, G. and {Jouret}, M. and {Lam-Trong}, T. and {Levacher}, P. and {Magnan}, A. and {Perez}, R. and {Plasson}, P. and {Plesseria}, J. and {Peter}, G. and {Steller}, M. and {Tiph{\`e}ne}, D. and {Baglin}, A. and {Agogu{\'e}}, P. and {Appourchaux}, T. and {Barbet}, D. and {Beaufort}, T. and {Bellenger}, R. and {Berlin}, R. and {Bernardi}, P. and {Blouin}, D. and {Boumier}, P. and {Bonneau}, F. and {Briet}, R. and {Butler}, B. and {Cautain}, R. and {Chiavassa}, F. and {Costes}, V. and {Cuvilho}, J. and {Cunha-Parro}, V. and {de Oliveira Fialho}, F. and {Decaudin}, M. and {Defise}, J.-M. and {Djalal}, S. and {Docclo}, A. and {Drummond}, R. and {Dupuis}, O. and {Exil}, G. and {Faur{\'e}}, C. and {Gaboriaud}, A. and {Gamet}, P. and {Gavalda}, P. and {Grolleau}, E. and {Gueguen}, L. and {Guivarc'h}, V. and {Guterman}, P. and {Hasiba}, J. and {Huntzinger}, G. and {Hustaix}, H. and {Imbert}, C. and {Jeanville}, G. and {Johlander}, B. and {Jorda}, L. and {Journoud}, P. and {Karioty}, F. and {Kerjean}, L. and {Lafond}, L. and {Lapeyrere}, V. and {Landiech}, P. and {Larqu{\'e}}, T. and {Laudet}, P. and {Le Merrer}, J. and {Leporati}, L. and {Leruyet}, B. and {Levieuge}, B. and {Llebaria}, A. and {Martin}, L. and {Mazy}, E. and {Mesnager}, J.-M. and {Michel}, J.-P. and {Moalic}, J.-P. and {Monjoin}, W. and {Naudet}, D. and {Neukirchner}, S. and {Nguyen-Kim}, K. and {Ollivier}, M. and {Orcesi}, J.-L. and {Ottacher}, H. and {Oulali}, A. and {Parisot}, J. and {Perruchot}, S. and {Piacentino}, A. and {Pinheiro da Silva}, L. and {Platzer}, J. and {Pontet}, B. and {Pradines}, A. and {Quentin}, C. and {Rohbeck}, U. and {Rolland}, G. and {Rollenhagen}, F. and {Romagnan}, R. and {Russ}, N. and {Samadi}, R. and {Schmidt}, R. and {Schwartz}, N. and {Sebbag}, I. and {Smit}, H. and {Sunter}, W. and {Tello}, M. and {Toulouse}, P. and {Ulmer}, B. and {Vandermarcq}, O. and {Vergnault}, E. and {Wallner}, R. and {Waultier}, G. and {Zanatta}, P.},
	Date-Added = {2011-06-08 20:03:40 -0700},
	Date-Modified = {2011-06-08 20:03:40 -0700},
	Doi = {10.1051/0004-6361/200810860},
	Eprint = {0901.2206},
	Journal = {\aap},
	Keywords = {instrumentation: photometers, stars: planetary systems, stars: oscillations},
	Month = oct,
	Pages = {411-424},
	Primaryclass = {astro-ph.SR},
	Title = {{The CoRoT satellite in flight: description and performance}},
	Volume = 506,
	Year = 2009,
	Bdsk-Url-1 = {http://dx.doi.org/10.1051/0004-6361/200810860}}

@article{2008MNRAS.389.1179L,
	Adsnote = {Provided by the SAO/NASA Astrophysics Data System},
	Adsurl = {http://adsabs.harvard.edu/abs/2008MNRAS.389.1179L},
	Archiveprefix = {arXiv},
	Author = {{Lintott}, C.~J. and {Schawinski}, K. and {Slosar}, A. and {Land}, K. and {Bamford}, S. and {Thomas}, D. and {Raddick}, M.~J. and {Nichol}, R.~C. and {Szalay}, A. and {Andreescu}, D. and {Murray}, P. and {Vandenberg}, J.},
	Date-Added = {2011-06-08 19:56:15 -0700},
	Date-Modified = {2011-06-08 19:56:15 -0700},
	Doi = {10.1111/j.1365-2966.2008.13689.x},
	Eprint = {0804.4483},
	Journal = {\mnras},
	Keywords = {methods: data analysis , galaxies: elliptical and lenticular, cD , galaxies: general , galaxies: spiral},
	Month = sep,
	Pages = {1179-1189},
	Title = {{Galaxy Zoo: morphologies derived from visual inspection of galaxies from the Sloan Digital Sky Survey}},
	Volume = 389,
	Year = 2008,
	Bdsk-Url-1 = {http://dx.doi.org/10.1111/j.1365-2966.2008.13689.x}}

@inproceedings{2001ASPC..246...53P,
	Adsnote = {Provided by the SAO/NASA Astrophysics Data System},
	Adsurl = {http://adsabs.harvard.edu/abs/2001ASPC..246...53P},
	Author = {{Pojma{\'n}ski}, G.},
	Booktitle = {IAU Colloq. 183: Small Telescope Astronomy on Global Scales},
	Date-Added = {2011-06-08 19:50:30 -0700},
	Date-Modified = {2011-06-13 23:08:37 -0700},
	Editor = {{B.~Paczynski, W.-P.~Chen, \&amp; C.~Lemme}},
	Pages = {53},
	Series = {Astronomical Society of the Pacific Conference Series},
	Title = {{The All Sky Automated Survey (ASAS-3) System - Its Operation and Preliminary Data}},
	Volume = 246,
	Year = 2001}

@article{1997AcA....47..467P,
	Adsnote = {Provided by the SAO/NASA Astrophysics Data System},
	Adsurl = {http://adsabs.harvard.edu/abs/1997AcA....47..467P},
	Author = {{Pojmanski}, G.},
	Date-Added = {2011-06-08 19:49:50 -0700},
	Date-Modified = {2011-06-08 19:49:50 -0700},
	Eprint = {arXiv:astro-ph/9712146},
	Journal = {\actaa},
	Keywords = {SURVEYS, TELESCOPES, TECHNIQUES: PHOTOMETRIC},
	Month = oct,
	Pages = {467-481},
	Title = {{The All Sky Automated Survey}},
	Volume = 47,
	Year = 1997}

@article{2007A&A...470..761T,
	Adsnote = {Provided by the SAO/NASA Astrophysics Data System},
	Adsurl = {http://adsabs.harvard.edu/abs/2007A%26A...470..761T},
	Archiveprefix = {arXiv},
	Author = {{Tsalmantza}, P. and {Kontizas}, M. and {Bailer-Jones}, C.~A.~L. and {Rocca-Volmerange}, B. and {Korakitis}, R. and {Kontizas}, E. and {Livanou}, E. and {Dapergolas}, A. and {Bellas-Velidis}, I. and {Vallenari}, A. and {Fioc}, M.},
	Date-Added = {2011-06-08 19:34:21 -0700},
	Date-Modified = {2011-06-08 19:34:21 -0700},
	Doi = {10.1051/0004-6361:20077300},
	Eprint = {0705.2152},
	Journal = {\aap},
	Keywords = {galaxies: fundamental parameters, techniques: photometric, techniques: spectroscopic},
	Month = aug,
	Pages = {761-770},
	Title = {{Towards a library of synthetic galaxy spectra and preliminary results of classification and parametrization of unresolved galaxies for Gaia}},
	Volume = 470,
	Year = 2007,
	Bdsk-Url-1 = {http://dx.doi.org/10.1051/0004-6361:20077300}}

@article{2008MNRAS.386.1417G,
	Adsnote = {Provided by the SAO/NASA Astrophysics Data System},
	Adsurl = {http://adsabs.harvard.edu/abs/2008MNRAS.386.1417G},
	Author = {{Gao}, D. and {Zhang}, Y.-X. and {Zhao}, Y.-H.},
	Date-Added = {2011-06-08 19:31:22 -0700},
	Date-Modified = {2011-06-08 19:31:22 -0700},
	Doi = {10.1111/j.1365-2966.2008.13070.x},
	Journal = {\mnras},
	Keywords = {methods: data analysis , methods: statistical , astronomical data bases: miscellaneous , catalogues , surveys , quasars: general},
	Month = may,
	Pages = {1417-1425},
	Title = {{Support vector machines and kd-tree for separating quasars from large survey data bases}},
	Volume = 386,
	Year = 2008,
	Bdsk-Url-1 = {http://dx.doi.org/10.1111/j.1365-2966.2008.13070.x}}

@article{2009AJ....137.3884R,
	Adsnote = {Provided by the SAO/NASA Astrophysics Data System},
	Adsurl = {http://adsabs.harvard.edu/abs/2009AJ....137.3884R},
	Archiveprefix = {arXiv},
	Author = {{Richards}, G.~T. and {Deo}, R.~P. and {Lacy}, M. and {Myers}, A.~D. and {Nichol}, R.~C. and {Zakamska}, N.~L. and {Brunner}, R.~J. and {Brandt}, W.~N. and {Gray}, A.~G. and {Parejko}, J.~K. and {Ptak}, A. and {Schneider}, D.~P. and {Storrie-Lombardi}, L.~J. and {Szalay}, A.~S.},
	Date-Added = {2011-06-08 19:30:27 -0700},
	Date-Modified = {2011-06-08 19:30:27 -0700},
	Doi = {10.1088/0004-6256/137/4/3884},
	Eprint = {0810.3567},
	Journal = {\aj},
	Keywords = {catalogs, infrared: galaxies, methods: statistical, quasars: general},
	Month = apr,
	Pages = {3884-3899},
	Title = {{Eight-Dimensional Mid-Infrared/Optical Bayesian Quasar Selection}},
	Volume = 137,
	Year = 2009,
	Bdsk-Url-1 = {http://dx.doi.org/10.1088/0004-6256/137/4/3884}}

@article{2008A&A...478..971H,
	Adsnote = {Provided by the SAO/NASA Astrophysics Data System},
	Adsurl = {http://adsabs.harvard.edu/abs/2008A%26A...478..971H},
	Archiveprefix = {arXiv},
	Author = {{Huertas-Company}, M. and {Rouan}, D. and {Tasca}, L. and {Soucail}, G. and {Le F{\`e}vre}, O.},
	Date-Added = {2011-06-08 19:20:15 -0700},
	Date-Modified = {2011-06-08 19:20:15 -0700},
	Doi = {10.1051/0004-6361:20078625},
	Eprint = {0709.1359},
	Journal = {\aap},
	Keywords = {galaxies: fundamental parameters, galaxies: high-redshift, methods: data analysis},
	Month = feb,
	Pages = {971-980},
	Title = {{A robust morphological classification of high-redshift galaxies using support vector machines on seeing limited images. I. Method description}},
	Volume = 478,
	Year = 2008,
	Bdsk-Url-1 = {http://dx.doi.org/10.1051/0004-6361:20078625}}

@article{2010A&A...522A..88S,
	Adsnote = {Provided by the SAO/NASA Astrophysics Data System},
	Adsurl = {http://adsabs.harvard.edu/abs/2010A%26A...522A..88S},
	Archiveprefix = {arXiv},
	Author = {{Smith}, K.~W. and {Bailer-Jones}, C.~A.~L. and {Klement}, R.~J. and {Xue}, X.~X.},
	Date-Added = {2011-06-08 19:16:16 -0700},
	Date-Modified = {2011-06-08 19:16:16 -0700},
	Doi = {10.1051/0004-6361/201014381},
	Eprint = {1008.2446},
	Journal = {\aap},
	Keywords = {methods: statistical, stars: horizontal-branch, Galaxy: structure},
	Month = nov,
	Pages = {A88+},
	Primaryclass = {astro-ph.GA},
	Title = {{Photometric identification of blue horizontal branch stars}},
	Volume = 522,
	Year = 2010,
	Bdsk-Url-1 = {http://dx.doi.org/10.1051/0004-6361/201014381}}

@article{2004PASP..116..345C,
	Adsnote = {Provided by the SAO/NASA Astrophysics Data System},
	Adsurl = {http://adsabs.harvard.edu/abs/2004PASP..116..345C},
	Author = {{Collister}, A.~A. and {Lahav}, O.},
	Date-Added = {2011-06-08 19:03:34 -0700},
	Date-Modified = {2011-06-08 19:03:34 -0700},
	Doi = {10.1086/383254},
	Eprint = {arXiv:astro-ph/0311058},
	Journal = {\pasp},
	Keywords = {Surveys, Galaxies: Distances and Redshifts, Methods: Data Analysis},
	Month = apr,
	Pages = {345-351},
	Title = {{ANNz: Estimating Photometric Redshifts Using Artificial Neural Networks}},
	Volume = 116,
	Year = 2004,
	Bdsk-Url-1 = {http://dx.doi.org/10.1086/383254}}

@article{2005PASP..117...79W,
	Adsnote = {Provided by the SAO/NASA Astrophysics Data System},
	Adsurl = {http://adsabs.harvard.edu/abs/2005PASP..117...79W},
	Author = {{Wadadekar}, Y.},
	Date-Added = {2011-06-08 19:01:56 -0700},
	Date-Modified = {2011-06-08 19:01:56 -0700},
	Doi = {10.1086/427710},
	Eprint = {arXiv:astro-ph/0412005},
	Journal = {\pasp},
	Keywords = {Galaxies: Fundamental Parameters, Methods: Statistical},
	Month = jan,
	Pages = {79-85},
	Title = {{Estimating Photometric Redshifts Using Support Vector Machines}},
	Volume = 117,
	Year = 2005,
	Bdsk-Url-1 = {http://dx.doi.org/10.1086/427710}}

@article{2010ApJ...712..511C,
	Adsnote = {Provided by the SAO/NASA Astrophysics Data System},
	Adsurl = {http://adsabs.harvard.edu/abs/2010ApJ...712..511C},
	Author = {{Carliles}, S. and {Budav{\'a}ri}, T. and {Heinis}, S. and {Priebe}, C. and {Szalay}, A.~S.},
	Date-Added = {2011-06-08 18:59:14 -0700},
	Date-Modified = {2011-06-08 18:59:14 -0700},
	Doi = {10.1088/0004-637X/712/1/511},
	Journal = {\apj},
	Keywords = {galaxies: distances and redshifts, methods: data analysis, methods: statistical, techniques: photometric},
	Month = mar,
	Pages = {511-515},
	Title = {{Random Forests for Photometric Redshifts}},
	Volume = 712,
	Year = 2010,
	Bdsk-Url-1 = {http://dx.doi.org/10.1088/0004-637X/712/1/511}}

@article{2004MNRAS.348.1038B,
	Adsnote = {Provided by the SAO/NASA Astrophysics Data System},
	Adsurl = {http://adsabs.harvard.edu/abs/2004MNRAS.348.1038B},
	Author = {{Ball}, N.~M. and {Loveday}, J. and {Fukugita}, M. and {Nakamura}, O. and {Okamura}, S. and {Brinkmann}, J. and {Brunner}, R.~J.},
	Date-Added = {2011-06-08 16:37:17 -0700},
	Date-Modified = {2011-06-08 16:37:17 -0700},
	Doi = {10.1111/j.1365-2966.2004.07429.x},
	Eprint = {arXiv:astro-ph/0306390},
	Journal = {\mnras},
	Keywords = {methods: data analysis, methods: statistical, galaxies: fundamental parameters, galaxies: photometry, galaxies: statistics},
	Month = mar,
	Pages = {1038-1046},
	Title = {{Galaxy types in the Sloan Digital Sky Survey using supervised artificial neural networks}},
	Volume = 348,
	Year = 2004,
	Bdsk-Url-1 = {http://dx.doi.org/10.1111/j.1365-2966.2004.07429.x}}

@article{2007ApJ...663..752D,
	Adsnote = {Provided by the SAO/NASA Astrophysics Data System},
	Adsurl = {http://adsabs.harvard.edu/abs/2007ApJ...663..752D},
	Author = {{D'Abrusco}, R. and {Staiano}, A. and {Longo}, G. and {Brescia}, M. and {Paolillo}, M. and {De Filippis}, E. and {Tagliaferri}, R.},
	Date-Added = {2011-06-08 16:35:28 -0700},
	Date-Modified = {2011-06-08 16:35:28 -0700},
	Doi = {10.1086/518020},
	Eprint = {arXiv:astro-ph/0703108},
	Journal = {\apj},
	Keywords = {Galaxies: Distances and Redshifts, Galaxies: Photometry, Cosmology: Large-Scale Structure of Universe},
	Month = jul,
	Pages = {752-764},
	Title = {{Mining the SDSS Archive. I. Photometric Redshifts in the Nearby Universe}},
	Volume = 663,
	Year = 2007,
	Bdsk-Url-1 = {http://dx.doi.org/10.1086/518020}}

@article{2001A&A...369..339P,
	Adsnote = {Provided by the SAO/NASA Astrophysics Data System},
	Adsurl = {http://cdsads.u-strasbg.fr/abs/2001A%26A...369..339P},
	Author = {{Perryman}, M.~A.~C. and {de Boer}, K.~S. and {Gilmore}, G. and {H{\o}g}, E. and {Lattanzi}, M.~G. and {Lindegren}, L. and {Luri}, X. and {Mignard}, F. and {Pace}, O. and {de Zeeuw}, P.~T.},
	Date-Added = {2011-06-08 16:10:11 -0700},
	Date-Modified = {2011-06-08 16:10:11 -0700},
	Doi = {10.1051/0004-6361:20010085},
	Eprint = {arXiv:astro-ph/0101235},
	Journal = {\aap},
	Keywords = {INSTRUMENTATION: MISCELLANEOUS, SPACE VEHICLES: INSTRUMENTS, ASTROMETRY, GALAXY: GENERAL, TECHNIQUES: PHOTOMETRIC, TECHNIQUES: RADIAL VELOCITIES},
	Month = apr,
	Pages = {339-363},
	Title = {{GAIA: Composition, formation and evolution of the Galaxy}},
	Volume = 369,
	Year = 2001,
	Bdsk-Url-1 = {http://dx.doi.org/10.1051/0004-6361:20010085}}

@inproceedings{donmez2009,
	Author = {Donmez, P. and Carbonell, J.G. and Schneider, J.},
	Booktitle = {Proceedings of the 15th ACM SIGKDD international conference on Knowledge discovery and data mining},
	Date-Added = {2011-05-25 21:23:23 -0700},
	Date-Modified = {2011-05-25 21:23:33 -0700},
	Organization = {ACM},
	Pages = {259--268},
	Title = {Efficiently learning the accuracy of labeling sources for selective sampling},
	Year = {2009}}

@article{2011rich,
	Adsnote = {Provided by the SAO/NASA Astrophysics Data System},
	Adsurl = {http://adsabs.harvard.edu/abs/2011ApJ...733...10R},
	Archiveprefix = {arXiv},
	Author = {{Richards}, J.~W. and {Starr}, D.~L. and {Butler}, N.~R. and {Bloom}, J.~S. and {Brewer}, J.~M. and {Crellin-Quick}, A. and {Higgins}, J. and {Kennedy}, R. and {Rischard}, M.},
	Date-Added = {2011-05-24 23:53:26 -0700},
	Date-Modified = {2011-05-24 23:53:33 -0700},
	Doi = {10.1088/0004-637X/733/1/10},
	Eprint = {1101.1959},
	Journal = {\apj},
	Keywords = {methods: data analysis, methods: statistical, stars: variables: general, techniques: photometric},
	Month = may,
	Pages = {10-+},
	Primaryclass = {astro-ph.IM},
	Title = {{On Machine-learned Classification of Variable Stars with Sparse and Noisy Time-series Data}},
	Volume = 733,
	Year = 2011,
	Bdsk-Url-1 = {http://dx.doi.org/10.1088/0004-637X/733/1/10}}

@article{tur2005,
	Author = {Tur, G. and Hakkani-Tur, D. and Schapire, R.E.},
	Date-Added = {2011-05-24 22:56:53 -0700},
	Date-Modified = {2011-05-24 22:57:13 -0700},
	Journal = {Speech Communication},
	Number = {2},
	Pages = {171--186},
	Publisher = {Elsevier},
	Title = {Combining active and semi-supervised learning for spoken language understanding},
	Volume = {45},
	Year = {2005}}

@article{liu2004,
	Author = {Liu, Y.},
	Date-Added = {2011-05-24 22:56:07 -0700},
	Date-Modified = {2011-05-24 22:56:14 -0700},
	Journal = {Journal of chemical information and computer sciences},
	Number = {6},
	Pages = {1936--1941},
	Publisher = {ACS Publications},
	Title = {Active learning with support vector machine applied to gene expression data for cancer classification},
	Volume = {44},
	Year = {2004}}

@inproceedings{tong2001,
	Author = {Tong, S. and Chang, E.},
	Booktitle = {Proceedings of the ninth ACM international conference on Multimedia},
	Date-Added = {2011-05-24 22:54:09 -0700},
	Date-Modified = {2011-05-24 22:54:17 -0700},
	Organization = {ACM},
	Pages = {107--118},
	Title = {Support vector machine active learning for image retrieval},
	Year = {2001}}

@article{tong2002,
	Author = {Tong, S. and Koller, D.},
	Date-Added = {2011-05-24 22:53:54 -0700},
	Date-Modified = {2011-05-24 22:54:04 -0700},
	Journal = {The Journal of Machine Learning Research},
	Pages = {45--66},
	Publisher = {JMLR. org},
	Title = {Support vector machine active learning with applications to text classification},
	Volume = {2},
	Year = {2002}}

@article{2000AcA....50..177P,
	Adsnote = {Provided by the SAO/NASA Astrophysics Data System},
	Adsurl = {http://adsabs.harvard.edu/abs/2000AcA....50..177P},
	Author = {{Pojmanski}, G.},
	Date-Added = {2011-05-24 16:14:33 -0700},
	Date-Modified = {2011-05-24 16:14:33 -0700},
	Eprint = {arXiv:astro-ph/0005236},
	Journal = {\actaa},
	Keywords = {CATALOGS, STARS: VARIABLES: GENERAL, SURVEYS},
	Month = jun,
	Pages = {177-190},
	Title = {{The All Sky Automated Survey. Catalog of about 3800 Variable Stars}},
	Volume = 50,
	Year = 2000}

@article{2011butl,
	Adsnote = {Provided by the SAO/NASA Astrophysics Data System},
	Adsurl = {http://adsabs.harvard.edu/abs/2011AJ....141...93B},
	Archiveprefix = {arXiv},
	Author = {{Butler}, N.~R. and {Bloom}, J.~S.},
	Date-Added = {2011-05-24 14:49:22 -0700},
	Date-Modified = {2011-05-24 14:49:28 -0700},
	Doi = {10.1088/0004-6256/141/3/93},
	Eprint = {1008.3143},
	Journal = {\aj},
	Keywords = {cosmology: miscellaneous, methods: statistical, quasars: general, stars: variables: general},
	Month = mar,
	Pages = {93-+},
	Primaryclass = {astro-ph.CO},
	Title = {{Optimal Time-series Selection of Quasars}},
	Volume = 141,
	Year = 2011,
	Bdsk-Url-1 = {http://dx.doi.org/10.1088/0004-6256/141/3/93}}

@inproceedings{olsson2009,
	Author = {Olsson, F. and Tomanek, K.},
	Booktitle = {Proceedings of the Thirteenth Conference on Computational Natural Language Learning},
	Date-Added = {2011-05-24 14:17:29 -0700},
	Date-Modified = {2011-05-24 14:17:36 -0700},
	Organization = {Association for Computational Linguistics},
	Pages = {138--146},
	Title = {An intrinsic stopping criterion for committee-based active learning},
	Year = {2009}}

@article{vlachos2008,
	Author = {Vlachos, A.},
	Date-Added = {2011-05-24 14:16:23 -0700},
	Date-Modified = {2011-05-24 14:16:33 -0700},
	Journal = {Computer Speech \& Language},
	Number = {3},
	Pages = {295--312},
	Publisher = {Elsevier},
	Title = {A stopping criterion for active learning},
	Volume = {22},
	Year = {2008}}

@article{cohn1996,
	Author = {Cohn, D.A.},
	Date-Added = {2011-05-23 16:10:40 -0700},
	Date-Modified = {2011-05-23 16:10:48 -0700},
	Journal = {Neural Networks},
	Number = {6},
	Pages = {1071--1083},
	Publisher = {Elsevier},
	Title = {Neural network exploration using optimal experiment design},
	Volume = {9},
	Year = {1996}}

@techreport{sett2009,
	Author = {Settles, B.},
	Date-Added = {2011-05-23 16:02:10 -0700},
	Date-Modified = {2011-05-23 16:02:53 -0700},
	Institution = {CS Tech. Rep. 1648, University of Wisconsin-Madison},
	Title = {Active Learning Literature Survey},
	Year = {2010}}

@inproceedings{zadr2004,
	Author = {Zadrozny, B.},
	Booktitle = {Proceedings of the twenty-first international conference on Machine learning},
	Date-Added = {2011-05-23 14:58:10 -0700},
	Date-Modified = {2011-05-23 14:58:30 -0700},
	Organization = {ACM},
	Pages = {114},
	Title = {Learning and evaluating classifiers under sample selection bias},
	Year = {2004}}

@article{heckman1979,
	Author = {Heckman, J.J.},
	Date-Added = {2011-05-23 14:30:32 -0700},
	Date-Modified = {2011-05-23 14:30:40 -0700},
	Journal = {Econometrica: Journal of the econometric society},
	Pages = {153--161},
	Publisher = {JSTOR},
	Title = {Sample selection bias as a specification error},
	Year = {1979}}

@conference{roy2001toward,
	Author = {Roy, N. and McCallum, A.},
	Booktitle = {Machine Learning-International Workshop},
	Date-Added = {2011-05-09 21:37:20 -0700},
	Date-Modified = {2011-05-24 23:54:17 -0700},
	Organization = {Citeseer},
	Pages = {441--448},
	Title = {Toward optimal active learning through sampling estimation of error reduction},
	Year = {2001}}

@conference{lewis1994,
	Author = {Lewis, D.D. and Gale, W.A.},
	Booktitle = {Proceedings of the 17th annual international ACM SIGIR conference on Research and development in information retrieval},
	Date-Added = {2011-05-09 20:07:44 -0700},
	Date-Modified = {2011-05-09 20:07:55 -0700},
	Isbn = {038719889X},
	Organization = {Springer-Verlag New York, Inc.},
	Pages = {3--12},
	Title = {A sequential algorithm for training text classifiers},
	Year = {1994}}

@article{2011MNRAS.tmp..545N,
	Adsnote = {Provided by the SAO/NASA Astrophysics Data System},
	Adsurl = {http://adsabs.harvard.edu/abs/2011MNRAS.tmp..545N},
	Archiveprefix = {arXiv},
	Author = {{Newling}, J. and {Varughese}, M. and {Bassett}, B. and {Campbell}, H. and {Hlozek}, R. and {Kunz}, M. and {Lampeitl}, H. and {Martin}, B. and {Nichol}, R. and {Parkinson}, D. and {Smith}, M.},
	Date-Added = {2011-05-09 11:04:05 -0700},
	Date-Modified = {2011-05-09 11:04:05 -0700},
	Doi = {10.1111/j.1365-2966.2011.18514.x},
	Eprint = {1010.1005},
	Journal = {\mnras},
	Keywords = {methods: statistical, techniques: photometric, supernovae: general},
	Month = apr,
	Pages = {545-+},
	Primaryclass = {astro-ph.CO},
	Title = {{Statistical classification techniques for photometric supernova typing}},
	Year = 2011,
	Bdsk-Url-1 = {http://dx.doi.org/10.1111/j.1365-2966.2011.18514.x}}

@article{2011arXiv1103.6034R,
	Adsnote = {Provided by the SAO/NASA Astrophysics Data System},
	Adsurl = {http://adsabs.harvard.edu/abs/2011arXiv1103.6034R},
	Archiveprefix = {arXiv},
	Author = {{Richards}, J.~W. and {Homrighausen}, D. and {Freeman}, P.~E. and {Schafer}, C.~M. and {Poznanski}, D.},
	Date-Added = {2011-05-09 11:03:13 -0700},
	Date-Modified = {2011-06-14 14:19:39 -0700},
	Eprint = {1103.6034},
	Journal = {arXiv/1103.6034},
	Keywords = {Astrophysics - Instrumentation and Methods for Astrophysics, Statistics - Applications},
	Month = mar,
	Primaryclass = {astro-ph.IM},
	Title = {{Semi-supervised Learning for Photometric Supernova Classification}},
	Year = 2011}

@article{2010ApJ...721..456M,
	Adsnote = {Provided by the SAO/NASA Astrophysics Data System},
	Adsurl = {http://adsabs.harvard.edu/abs/2010ApJ...721..456M},
	Archiveprefix = {arXiv},
	Author = {{Matthews}, D.~J. and {Newman}, J.~A.},
	Date-Added = {2011-05-09 10:29:30 -0700},
	Date-Modified = {2011-05-09 10:29:30 -0700},
	Doi = {10.1088/0004-637X/721/1/456},
	Eprint = {1003.0687},
	Journal = {\apj},
	Keywords = {cosmology: observations, galaxies: distances and redshifts, large-scale structure of universe, surveys},
	Month = sep,
	Pages = {456-468},
	Primaryclass = {astro-ph.CO},
	Title = {{Reconstructing Redshift Distributions with Cross-correlations: Tests and an Optimized Recipe}},
	Volume = 721,
	Year = 2010,
	Bdsk-Url-1 = {http://dx.doi.org/10.1088/0004-637X/721/1/456}}

@article{2010MNRAS.405..987B,
	Adsnote = {Provided by the SAO/NASA Astrophysics Data System},
	Adsurl = {http://adsabs.harvard.edu/abs/2010MNRAS.405..987B},
	Archiveprefix = {arXiv},
	Author = {{Bonfield}, D.~G. and {Sun}, Y. and {Davey}, N. and {Jarvis}, M.~J. and {Abdalla}, F.~B. and {Banerji}, M. and {Adams}, R.~G.},
	Date-Added = {2011-05-09 10:19:08 -0700},
	Date-Modified = {2011-05-09 10:19:08 -0700},
	Doi = {10.1111/j.1365-2966.2010.16544.x},
	Eprint = {0910.4393},
	Journal = {\mnras},
	Keywords = {methods: data analysis, surveys, galaxies: distances and redshifts},
	Month = jun,
	Pages = {987-994},
	Primaryclass = {astro-ph.IM},
	Title = {{Photometric redshift estimation using Gaussian processes}},
	Volume = 405,
	Year = 2010,
	Bdsk-Url-1 = {http://dx.doi.org/10.1111/j.1365-2966.2010.16544.x}}

@article{2010ApJ...724.1305S,
	Adsnote = {Provided by the SAO/NASA Astrophysics Data System},
	Adsurl = {http://adsabs.harvard.edu/abs/2010ApJ...724.1305S},
	Archiveprefix = {arXiv},
	Author = {{Schulz}, A.~E.},
	Date-Added = {2011-05-09 10:12:52 -0700},
	Date-Modified = {2011-05-09 10:12:52 -0700},
	Doi = {10.1088/0004-637X/724/2/1305},
	Eprint = {0910.3683},
	Journal = {\apj},
	Keywords = {galaxies: distances and redshifts, galaxies: photometry, gravitational lensing: weak, large-scale structure of universe},
	Month = dec,
	Pages = {1305-1315},
	Primaryclass = {astro-ph.CO},
	Title = {{Calibrating Photometric Redshift Distributions with Cross-correlations}},
	Volume = 724,
	Year = 2010,
	Bdsk-Url-1 = {http://dx.doi.org/10.1088/0004-637X/724/2/1305}}

@article{2010ApJ...725..794Q,
	Adsnote = {Provided by the SAO/NASA Astrophysics Data System},
	Adsurl = {http://adsabs.harvard.edu/abs/2010ApJ...725..794Q},
	Archiveprefix = {arXiv},
	Author = {{Quadri}, R.~F. and {Williams}, R.~J.},
	Date-Added = {2011-05-09 10:06:04 -0700},
	Date-Modified = {2011-05-09 10:06:04 -0700},
	Doi = {10.1088/0004-637X/725/1/794},
	Eprint = {0910.2704},
	Journal = {\apj},
	Keywords = {cosmology: observations, galaxies: distances and redshifts, methods: miscellaneous, surveys},
	Month = dec,
	Pages = {794-802},
	Primaryclass = {astro-ph.CO},
	Title = {{Quantifying Photometric Redshift Errors in the Absence of Spectroscopic Redshifts}},
	Volume = 725,
	Year = 2010,
	Bdsk-Url-1 = {http://dx.doi.org/10.1088/0004-637X/725/1/794}}

@inproceedings{2011AAS...21715004S,
	Adsnote = {Provided by the SAO/NASA Astrophysics Data System},
	Adsurl = {http://adsabs.harvard.edu/abs/2011AAS...21715004S},
	Author = {{Sypniewski}, A.~J. and {Gerdes}, D.~W.},
	Booktitle = {American Astronomical Society Meeting},
	Date-Added = {2011-05-09 10:02:27 -0700},
	Date-Modified = {2011-06-13 23:08:59 -0700},
	Month = jan,
	Pages = {150.04},
	Series = {Bulletin of the American Astronomical Society},
	Title = {{Estimating Photometric Redshifts in Non-Representative Galaxy Samples using Boosted Decisions Trees}},
	Volume = 43,
	Year = 2011}

@article{autoclass,
	Author = {Cheeseman, P. and Stutz, J.},
	Date-Added = {2011-04-15 09:41:24 -0700},
	Date-Modified = {2011-04-15 09:41:24 -0700},
	Journal = {Advanced in Knowledge Discovery and Data Mining},
	Pages = {61--83},
	Title = {Bayesian classification (autoclass): Theory and practice},
	Year = {1996}}

@conference{blum1998,
	Author = {Blum, A. and Mitchell, T.},
	Booktitle = {Proceedings of the eleventh annual conference on Computational learning theory},
	Date-Added = {2011-04-15 09:41:24 -0700},
	Date-Modified = {2011-04-15 09:41:24 -0700},
	Isbn = {1581130570},
	Organization = {ACM},
	Pages = {92--100},
	Title = {Combining labeled and unlabeled data with co-training},
	Year = {1998}}

@conference{domi2000,
	Author = {Domingos, P.},
	Booktitle = {Machine Learning-International Workshop},
	Date-Added = {2011-04-15 09:41:24 -0700},
	Date-Modified = {2011-04-15 09:41:24 -0700},
	Organization = {Citeseer},
	Pages = {231--238},
	Title = {A unified bias-variance decomposition and its applications},
	Year = {2000}}

@article{shimo2000,
	Author = {Shimodaira, H.},
	Date-Added = {2011-04-15 09:41:24 -0700},
	Date-Modified = {2011-04-15 09:41:24 -0700},
	Issn = {0378-3758},
	Journal = {Journal of Statistical Planning and Inference},
	Number = {2},
	Pages = {227--244},
	Publisher = {Amsterdam: North-Holland, 1977-},
	Title = {Improving predictive inference under covariate shift by weighting the log-likelihood function},
	Volume = {90},
	Year = {2000}}

@conference{nigam2000,
	Author = {Nigam, K. and Ghani, R.},
	Booktitle = {Proceedings of the ninth international conference on Information and knowledge management},
	Date-Added = {2011-04-15 09:41:24 -0700},
	Date-Modified = {2011-04-15 09:41:24 -0700},
	Isbn = {1581133200},
	Organization = {ACM},
	Pages = {86--93},
	Title = {Analyzing the effectiveness and applicability of co-training},
	Year = {2000}}

@conference{goldman2000,
	Author = {Goldman, S. and Zhou, Y.},
	Booktitle = {Proceedings of the 17th International Conference on Machine Learning},
	Date-Added = {2011-04-15 09:41:24 -0700},
	Date-Modified = {2011-04-15 09:41:24 -0700},
	Organization = {Citeseer},
	Title = {Enhancing supervised learning with unlabeled data},
	Year = {2000}}

@article{acvs,
	Author = {Pojmanski, G. and Pilecki, B. and Szczygiel, D.},
	Date-Added = {2011-04-15 09:41:24 -0700},
	Date-Modified = {2011-04-15 09:41:24 -0700},
	Issn = {0001-5237},
	Journal = {Acta Astronomica},
	Pages = {275--301},
	Title = {The All Sky Automated Survey. Catalog of Variable Stars. V. Declinations 0 arcd-+ 28 arcd of the Northern Hemisphere},
	Volume = {55},
	Year = {2005}}

@conference{dasg2005,
	Author = {Dasgupta, S.},
	Booktitle = {Advances in Neural Information Processing Systems 17: Proceedings Of The 2004 Conference},
	Date-Added = {2011-04-15 09:41:24 -0700},
	Date-Modified = {2011-04-15 09:41:24 -0700},
	Title = {Analysis of a greedy active learning strategy},
	Year = {2005}}

@article{sugi2005,
	Author = {Sugiyama, M. and M{\"u}ller, K.R.},
	Date-Added = {2011-04-15 09:41:24 -0700},
	Date-Modified = {2011-04-15 09:41:24 -0700},
	Issn = {0721-2631},
	Journal = {Statistics \& Decisions},
	Number = {4/2005},
	Pages = {249--279},
	Publisher = {Oldenbourg},
	Title = {Input-dependent estimation of generalization error under covariate shift},
	Volume = {23},
	Year = {2005}}

@article{huan2007,
	Author = {Huang, J. and Smola, A.J. and Gretton, A. and Borgwardt, K.M. and Scholkopf, B.},
	Date-Added = {2011-04-15 09:41:24 -0700},
	Date-Modified = {2011-04-15 09:41:24 -0700},
	Issn = {1049-5258},
	Journal = {Advances in neural information processing systems},
	Pages = {601},
	Publisher = {Citeseer},
	Title = {Correcting sample selection bias by unlabeled data},
	Volume = {19},
	Year = {2007}}

@article{sugi2007,
	Author = {Sugiyama, M. and Krauledat, M. and M{\"u}ller, K.R.},
	Date-Added = {2011-04-15 09:41:24 -0700},
	Date-Modified = {2011-04-15 09:41:24 -0700},
	Issn = {1532-4435},
	Journal = {The Journal of Machine Learning Research},
	Pages = {985--1005},
	Publisher = {JMLR. org},
	Title = {Covariate shift adaptation by importance weighted cross validation},
	Volume = {8},
	Year = {2007}}

@conference{vija2009,
	Author = {Vijayanarasimhan, S. and Grauman, K.},
	Booktitle = {Computer Vision and Pattern Recognition, 2009. CVPR 2009. IEEE Conference on},
	Date-Added = {2011-04-15 09:41:24 -0700},
	Date-Modified = {2011-04-15 09:41:24 -0700},
	Issn = {1063-6919},
	Organization = {IEEE},
	Pages = {2262--2269},
	Title = {What's it going to cost you?: Predicting effort vs. informativeness for multi-label image annotations},
	Year = {2009}}

@conference{joshi2009,
	Author = {Joshi, A.J. and Porikli, F. and Papanikolopoulos, N.},
	Booktitle = {Computer Vision and Pattern Recognition, 2009. CVPR 2009. IEEE Conference on},
	Date-Added = {2011-04-15 09:41:24 -0700},
	Date-Modified = {2011-04-15 09:41:24 -0700},
	Issn = {1063-6919},
	Organization = {IEEE},
	Pages = {2372--2379},
	Title = {Multi-class active learning for image classification},
	Year = {2009}}

@article{2009A&A...506..519D,
	Adsnote = {Provided by the SAO/NASA Astrophysics Data System},
	Adsurl = {http://adsabs.harvard.edu/abs/2009A%26A...506..519D},
	Author = {{Debosscher}, J. and {Sarro}, L.~M. and {L{\'o}pez}, M. and {Deleuil}, M. and {Aerts}, C. and {Auvergne}, M. and {Baglin}, A. and {Baudin}, F. and {Chadid}, M. and {Charpinet}, S. and {Cuypers}, J. and {De Ridder}, J. and {Garrido}, R. and {Hubert}, A.~M. and {Janot-Pacheco}, E. and {Jorda}, L. and {Kaiser}, A. and {Kallinger}, T. and {Kollath}, Z. and {Maceroni}, C. and {Mathias}, P. and {Michel}, E. and {Moutou}, C. and {Neiner}, C. and {Ollivier}, M. and {Samadi}, R. and {Solano}, E. and {Surace}, C. and {Vandenbussche}, B. and {Weiss}, W.~W.},
	Date-Added = {2011-04-15 09:41:24 -0700},
	Date-Modified = {2011-04-15 09:41:24 -0700},
	Doi = {10.1051/0004-6361/200911618},
	Journal = {\aap},
	Keywords = {stars: variables: general, stars: binaries: general, techniques: photometric, methods: statistical, methods: data analysis},
	Month = oct,
	Pages = {519-534},
	Title = {{Automated supervised classification of variable stars in the CoRoT programme. Method and application to the first four exoplanet fields}},
	Volume = 506,
	Year = 2009,
	Bdsk-Url-1 = {http://dx.doi.org/10.1051/0004-6361/200911618}}

@article{hann2010,
	Author = {Hanneke, S.},
	Date-Added = {2011-04-15 09:41:24 -0700},
	Date-Modified = {2011-04-15 09:41:24 -0700},
	Journal = {submitted, Annals of Statistics},
	Publisher = {Citeseer},
	Title = {Rates of convergence in active learning},
	Year = {2010}}

@conference{joshi2010,
	Author = {Joshi, A.J. and Porikli, F. and Papanikolopoulos, N.},
	Booktitle = {Robotics and Automation (ICRA), 2010 IEEE International Conference on},
	Date-Added = {2011-04-15 09:41:24 -0700},
	Date-Modified = {2011-04-15 09:41:24 -0700},
	Issn = {1050-4729},
	Organization = {IEEE},
	Pages = {1873--1878},
	Title = {Multi-class batch-mode active learning for image classification},
	Year = {2010}}

@misc{ucirepo,
	Author = {A. Frank and A. Asuncion},
	Date-Added = {2011-04-15 09:41:24 -0700},
	Date-Modified = {2011-04-15 09:41:24 -0700},
	Institution = {University of California, Irvine, School of Information and Computer Sciences},
	Title = {{UCI} Machine Learning Repository},
	Url = {http://archive.ics.uci.edu/ml},
	Year = {2010},
	Bdsk-Url-1 = {http://archive.ics.uci.edu/ml}}

@unpublished{2011arXiv1101.2406D,
	Adsnote = {Provided by the SAO/NASA Astrophysics Data System},
	Adsurl = {http://adsabs.harvard.edu/abs/2011arXiv1101.2406D},
	Archiveprefix = {arXiv},
	Author = {{Dubath}, P. and {Rimoldini}, L. and {S{\"u}veges}, M. and {Blomme}, J. and {L{\'o}pez}, M. and {Sarro}, L.~M. and {De Ridder}, J. and {Cuypers}, J. and {Guy}, L. and {Lecoeur}, I. and {Nienartowicz}, K. and {Jan}, A. and {Beck}, M. and {Mowlavi}, N. and {De Cat}, P. and {Lebzelter}, T. and {Eyer}, L.},
	Date-Added = {2011-04-15 09:41:24 -0700},
	Date-Modified = {2011-06-14 14:18:34 -0700},
	Eprint = {1101.2406},
	Journal = {ArXiv e-prints},
	Keywords = {Astrophysics - Solar and Stellar Astrophysics},
	Month = jan,
	Note = {{arXiv/1101.2406}},
	Primaryclass = {astro-ph.SR},
	Title = {{Random forest automated supervised classification of Hipparcos periodic variable stars}},
	Year = 2011}

@article{yan2011,
	Author = {Yan, D. and Wang, P. and Knudsen, B.S. and Linden, M. and Randolph, T.W.},
	Date-Added = {2011-04-15 09:41:24 -0700},
	Date-Modified = {2011-06-14 14:19:12 -0700},
	Journal = {arXiv/1102.0059},
	Title = {Statistical Methods for Analyzing Tissue Microarray Images-Algorithmic Scoring and Co-training},
	Year = {2011}}

@article{2002AcA....52..397P,
	Adsnote = {Provided by the SAO/NASA Astrophysics Data System},
	Adsurl = {http://adsabs.harvard.edu/abs/2002AcA....52..397P},
	Author = {{Pojmanski}, G.},
	Date-Added = {2011-04-05 11:05:35 -0700},
	Date-Modified = {2011-04-05 11:05:35 -0700},
	Eprint = {arXiv:astro-ph/0210283},
	Journal = {\actaa},
	Keywords = {Catalogs, Stars: variables: general, Surveys},
	Month = dec,
	Pages = {397-427},
	Title = {{The All Sky Automated Survey. Catalog of Variable Stars. I. 0 h - 6 hQuarter of the Southern Hemisphere}},
	Volume = 52,
	Year = 2002}

@article{2002AcA....52..129W,
	Adsnote = {Provided by the SAO/NASA Astrophysics Data System},
	Adsurl = {http://adsabs.harvard.edu/abs/2002AcA....52..129W},
	Author = {{Wozniak}, P.~R. and {Udalski}, A. and {Szymanski}, M. and {Kubiak}, M. and {Pietrzynski}, G. and {Soszynski}, I. and {Zebrun}, K.},
	Date-Added = {2011-04-05 11:03:22 -0700},
	Date-Modified = {2011-04-05 11:03:22 -0700},
	Eprint = {arXiv:astro-ph/0201377},
	Journal = {\actaa},
	Keywords = {Galaxy: center, Catalogs, Stars: variables: general},
	Month = jun,
	Pages = {129-142},
	Title = {{Difference Image Analysis of the OGLE-II Bulge Data. III. Catalog of 200000 Candidate Variable Stars}},
	Volume = 52,
	Year = 2002}

@article{1999AcA....49..223U,
	Adsnote = {Provided by the SAO/NASA Astrophysics Data System},
	Adsurl = {http://adsabs.harvard.edu/abs/1999AcA....49..223U},
	Author = {{Udalski}, A. and {Soszynski}, I. and {Szymanski}, M. and {Kubiak}, M. and {Pietrzynski}, G. and {Wozniak}, P. and {Zebrun}, K.},
	Date-Added = {2011-04-05 11:00:31 -0700},
	Date-Modified = {2011-04-05 11:00:31 -0700},
	Eprint = {arXiv:astro-ph/9908317},
	Journal = {\actaa},
	Keywords = {CEPHEIDS, MAGELLANIC CLOUDS, CATALOGS},
	Month = sep,
	Pages = {223-317},
	Title = {{The Optical Gravitational Lensing Experiment. Cepheids in the Magellanic Clouds. IV. Catalog of Cepheids from the Large Magellanic Cloud}},
	Volume = 49,
	Year = 1999}

@article{1999AcA....49..437U,
	Adsnote = {Provided by the SAO/NASA Astrophysics Data System},
	Adsurl = {http://adsabs.harvard.edu/abs/1999AcA....49..437U},
	Author = {{Udalski}, A. and {Soszynski}, I. and {Szymanski}, M. and {Kubiak}, M. and {Pietrzynski}, G. and {Wozniak}, P. and {Zebrun}, K.},
	Date-Added = {2011-04-05 10:59:35 -0700},
	Date-Modified = {2011-04-05 10:59:35 -0700},
	Eprint = {arXiv:astro-ph/9912096},
	Journal = {\actaa},
	Keywords = {CEPHEIDS, MAGELLANIC CLOUDS, CATALOGS},
	Month = dec,
	Pages = {437-520},
	Title = {{The Optical Gravitational Lensing Experiment. Cepheids in the Magellanic Clouds. V. Catalog of Cepheids from the Small Magellanic Cloud}},
	Volume = 49,
	Year = 1999}

@conference{1996quin,
	Author = {Quinlan, J.R.},
	Booktitle = {Proceedings of the National Conference on Artificial Intelligence},
	Date-Added = {2011-01-09 16:09:36 -0800},
	Date-Modified = {2011-01-09 16:09:43 -0800},
	Pages = {725--730},
	Title = {Bagging, boosting, and C4. 5},
	Year = {1996}}

@book{nr,
	Author = {Press, W.H. and Vetterling, W.T. and Teukolsky, S.A. and Flannery, B.P.},
	Date-Added = {2011-01-09 16:06:37 -0800},
	Date-Modified = {2011-01-09 16:06:55 -0800},
	Isbn = {0521750334},
	Publisher = {Cambridge University Press New York, NY, USA},
	Title = {Numerical recipes in C++: the art of scientific computing},
	Year = {2001}}

@article{2010kess,
	Adsnote = {Provided by the SAO/NASA Astrophysics Data System},
	Adsurl = {http://adsabs.harvard.edu/abs/2010PASP..122.1415K},
	Archiveprefix = {arXiv},
	Author = {{Kessler}, R. and {Bassett}, B. and {Belov}, P. and {Bhatnagar}, V. and {Campbell}, H. and {Conley}, A. and {Frieman}, J.~A. and {Glazov}, A. and {Gonz{\'a}lez-Gait{\'a}n}, S. and {Hlozek}, R. and {Jha}, S. and {Kuhlmann}, S. and {Kunz}, M. and {Lampeitl}, H. and {Mahabal}, A. and {Newling}, J. and {Nichol}, R.~C. and {Parkinson}, D. and {Philip}, N.~S. and {Poznanski}, D. and {Richards}, J.~W. and {Rodney}, S.~A. and {Sako}, M. and {Schneider}, D.~P. and {Smith}, M. and {Stritzinger}, M. and {Varughese}, M.},
	Date-Added = {2011-01-09 16:02:31 -0800},
	Date-Modified = {2011-01-09 16:02:39 -0800},
	Doi = {10.1086/657607},
	Eprint = {1008.1024},
	Journal = {\pasp},
	Keywords = {Supernovae},
	Month = dec,
	Pages = {1415-1431},
	Primaryclass = {astro-ph.CO},
	Title = {{Results from the Supernova Photometric Classification Challenge}},
	Volume = 122,
	Year = 2010,
	Bdsk-Url-1 = {http://dx.doi.org/10.1086/657607}}

@inproceedings{2006eyer,
	Adsnote = {Provided by the SAO/NASA Astrophysics Data System},
	Adsurl = {http://adsabs.harvard.edu/abs/2006ASPC..349...15E},
	Author = {{Eyer}, L.},
	Booktitle = {Astrophysics of Variable Stars},
	Date-Added = {2010-12-21 14:47:09 -0800},
	Date-Modified = {2011-01-09 15:48:21 -0800},
	Editor = {{C.~Aerts and C.~Sterken}},
	Eprint = {arXiv:astro-ph/0511458},
	Month = apr,
	Pages = {15},
	Series = {Astronomical Society of the Pacific Conference Series},
	Title = {{Astronomical Databases, Space Photometry and Time Series Analysis: Open Questions}},
	Volume = 349,
	Year = 2006}

@unpublished{2009arXiv0912.0201L,
	Adsnote = {Provided by the SAO/NASA Astrophysics Data System},
	Adsurl = {http://adsabs.harvard.edu/abs/2009arXiv0912.0201L},
	Archiveprefix = {arXiv},
	Author = {{LSST Science Collaborations} and {Abell}, P.~A. and {Allison}, J. and {Anderson}, S.~F. and {Andrew}, J.~R. and {Angel}, J.~R.~P. and {Armus}, L. and {Arnett}, D. and {Asztalos}, S.~J. and {Axelrod}, T.~S. and et al.},
	Date-Added = {2010-12-29 18:20:21 +0100},
	Date-Modified = {2011-06-14 14:18:44 -0700},
	Eprint = {0912.0201},
	Journal = {ArXiv e-prints},
	Keywords = {Astrophysics - Instrumentation and Methods for Astrophysics, Astrophysics - Cosmology and Extragalactic Astrophysics, Astrophysics - Earth and Planetary Astrophysics, Astrophysics - Galaxy Astrophysics, Astrophysics - Solar and Stellar Astrophysics},
	Month = dec,
	Note = {arXiv/0912.0201},
	Primaryclass = {astro-ph.IM},
	Title = {{LSST Science Book, Version 2.0}},
	Year = 2009}

@article{1994AJ....108..678M,
	Adsnote = {Provided by the SAO/NASA Astrophysics Data System},
	Adsurl = {http://cdsads.u-strasbg.fr/abs/1994AJ....108..678M},
	Author = {{Marchenko}, S.~V. and {Antokhin}, I.~I. and {Bertrand}, {J.-F.} and {Lamontagne}, R. and {Moffat}, A.~F.~J. and {Piceno}, A. and {Matthews}, J.~M.},
	Date-Added = {2010-12-18 23:45:43 +0100},
	Date-Modified = {2010-12-18 23:45:43 +0100},
	Doi = {10.1086/117104},
	Journal = {\aj},
	Keywords = {ASTRONOMICAL PHOTOMETRY, PULSARS, WOLF-RAYET STARS, X RAY SOURCES, BINARY STARS, RADIO ASTRONOMY, STELLAR MAGNITUDE},
	Month = aug,
	Pages = {678-686},
	Title = {{High-speed photometry of Wolf-Rayet stars}},
	Volume = 108,
	Year = 1994,
	Bdsk-Url-1 = {http://dx.doi.org/10.1086/117104}}

@article{2002MNRAS.331...45K,
	Adsnote = {Provided by the SAO/NASA Astrophysics Data System},
	Adsurl = {http://cdsads.u-strasbg.fr/abs/2002MNRAS.331...45K},
	Author = {{Koen}, C. and {Eyer}, L.},
	Date-Added = {2010-12-18 23:41:01 +0100},
	Date-Modified = {2010-12-18 23:41:01 +0100},
	Doi = {10.1046/j.1365-8711.2002.05150.x},
	Eprint = {arXiv:astro-ph/0112194},
	Journal = {\mnras},
	Keywords = {methods: data analysis, methods: statistical, stars: variables: other, methods: data analysis; methods: statistical; stars: variables: other},
	Month = mar,
	Pages = {45-59},
	Title = {{New periodic variables from the Hipparcos epoch photometry}},
	Volume = 331,
	Year = 2002,
	Bdsk-Url-1 = {http://dx.doi.org/10.1046/j.1365-8711.2002.05150.x}}

@article{2008ApJ...679L..45M,
	Adsnote = {Provided by the SAO/NASA Astrophysics Data System},
	Adsurl = {http://cdsads.u-strasbg.fr/abs/2008ApJ...679L..45M},
	Author = {{Moffat}, A.~F.~J. and {Marchenko}, S.~V. and {Zhilyaev}, B.~E. and {Rowe}, J.~F. and {Muntean}, V. and {Chen{\'e}}, {A.-N.} and {Matthews}, J.~M. and {Kuschnig}, R. and {Guenther}, D.~B. and {Rucinski}, S.~M. and {Sasselov}, D. and {Walker}, G.~A.~H. and {Weiss}, W.~W.},
	Date-Added = {2010-12-18 23:15:01 +0100},
	Date-Modified = {2010-12-18 23:15:01 +0100},
	Doi = {10.1086/589237},
	Journal = {\apjl},
	Keywords = {Stars: Early-Type, Stars: Emission-Line, Be, Stars: Individual: Henry Draper Number: HD 165763, Stars: Oscillations, Stars: Winds, Outflows, Stars: Wolf-Rayet},
	Month = may,
	Pages = {L45-L48},
	Title = {{MOST Finds No Coherent Oscillations in the Hot Carbon-rich Wolf-Rayet Star HD 165763 (WR 111)}},
	Volume = 679,
	Year = 2008,
	Bdsk-Url-1 = {http://dx.doi.org/10.1086/589237}}

@article{2000A&AS..144..469R,
	Adsnote = {Provided by the SAO/NASA Astrophysics Data System},
	Adsurl = {http://cdsads.u-strasbg.fr/abs/2000A%26AS..144..469R},
	Author = {{Rodr{\'{\i}}guez}, E. and {L{\'o}pez-Gonz{\'a}lez}, M.~J. and {L{\'o}pez de Coca}, P.},
	Date-Added = {2010-12-18 23:07:58 +0100},
	Date-Modified = {2010-12-18 23:07:58 +0100},
	Doi = {10.1051/aas:2000221},
	Journal = {\aaps},
	Keywords = {STARS: VARIABLES: DELTA SCT, STARS: OSCILLATIONS, STARS: FUNDAMENTAL PARAMETERS, TECHNIQUES: PHOTOMETRIC},
	Month = jun,
	Pages = {469-474},
	Title = {{A revised catalogue of delta Sct stars}},
	Volume = 144,
	Year = 2000,
	Bdsk-Url-1 = {http://dx.doi.org/10.1051/aas:2000221}}

@article{2008CoAst.153...49P,
	Adsnote = {Provided by the SAO/NASA Astrophysics Data System},
	Adsurl = {http://cdsads.u-strasbg.fr/abs/2008CoAst.153...49P},
	Author = {{Paunzen}, E. and {Reegen}, P.},
	Date-Added = {2010-12-18 22:58:03 +0100},
	Date-Modified = {2010-12-18 22:58:03 +0100},
	Doi = {10.1553/cia_153s49},
	Journal = {Communications in Asteroseismology},
	Month = apr,
	Pages = {49-53},
	Title = {{Analysing the Hipparcos epoch photometry of {$\lambda$} Bootis stars}},
	Volume = 153,
	Year = 2008,
	Bdsk-Url-1 = {http://dx.doi.org/10.1553/cia_153s49}}

@article{2010A&A...514A..87C,
	Adsnote = {Provided by the SAO/NASA Astrophysics Data System},
	Adsurl = {http://adsabs.harvard.edu/abs/2010A%26A...514A..87C},
	Archiveprefix = {arXiv},
	Author = {{Clark}, J.~S. and {Ritchie}, B.~W. and {Negueruela}, I.},
	Date-Added = {2010-12-18 22:48:01 +0100},
	Date-Modified = {2011-01-09 15:44:57 -0800},
	Doi = {10.1051/0004-6361/200913820},
	Eprint = {1003.5107},
	Journal = {\aap},
	Keywords = {stars: evolution, stars: variables: general, supergiants},
	Month = may,
	Pages = {A87},
	Primaryclass = {astro-ph.SR},
	Title = {{A serendipitous survey for variability amongst the massive stellar population of Westerlund 1}},
	Volume = 514,
	Year = 2010,
	Bdsk-Url-1 = {http://dx.doi.org/10.1051/0004-6361/200913820}}

@article{2007AJ....133.2859F,
	Adsnote = {Provided by the SAO/NASA Astrophysics Data System},
	Adsurl = {http://adsabs.harvard.edu/abs/2007AJ....133.2859F},
	Author = {{Flores}, A. and {Koenigsberger}, G. and {Cardona}, O. and {de la Cruz}, L.},
	Date-Added = {2010-12-18 22:26:32 +0100},
	Date-Modified = {2010-12-18 22:26:32 +0100},
	Doi = {10.1086/518092},
	Journal = {\aj},
	Keywords = {Stars: Binaries: General, stars: individual (HD 4004), Stars: Individual: Henry Draper Number: HD 50896, Stars: Winds, Outflows, Stars: Wolf-Rayet},
	Month = jun,
	Pages = {2859-2865},
	Title = {{The Wolf-Rayet Stars HD 4004 and HD 50896: Two of a Kind}},
	Volume = 133,
	Year = 2007,
	Bdsk-Url-1 = {http://dx.doi.org/10.1086/518092}}

@article{2008MNRAS.386..313W,
	Adsnote = {Provided by the SAO/NASA Astrophysics Data System},
	Adsurl = {http://adsabs.harvard.edu/abs/2008MNRAS.386..313W},
	Archiveprefix = {arXiv},
	Author = {{Whitelock}, P.~A. and {Feast}, M.~W. and {van Leeuwen}, F.},
	Date-Added = {2010-12-18 21:49:24 +0100},
	Date-Modified = {2010-12-18 21:49:24 +0100},
	Doi = {10.1111/j.1365-2966.2008.13032.x},
	Eprint = {0801.4465},
	Journal = {\mnras},
	Keywords = {stars: AGB and post-AGB , stars: carbon , stars: oscillations , stars: variables: other},
	Month = may,
	Pages = {313-323},
	Title = {{AGB variables and the Mira period-luminosity relation}},
	Volume = 386,
	Year = 2008,
	Bdsk-Url-1 = {http://dx.doi.org/10.1111/j.1365-2966.2008.13032.x}}

@article{2009MNRAS.394..995D,
	Adsnote = {Provided by the SAO/NASA Astrophysics Data System},
	Adsurl = {http://adsabs.harvard.edu/abs/2009MNRAS.394..995D},
	Archiveprefix = {arXiv},
	Author = {{Derekas}, A. and {Kiss}, L.~L. and {Bedding}, T.~R. and {Ashley}, M.~C.~B. and {Cs{\'a}k}, B. and {Danos}, A. and {Fernandez}, J.~M. and {F{\H u}r{\'e}sz}, G. and {M{\'e}sz{\'a}ros}, S. and {Szab{\'o}}, G.~M. and {Szak{\'a}ts}, R. and {Sz{\'e}kely}, P. and {Szatm{\'a}ry}, K.},
	Date-Added = {2010-12-18 19:58:14 +0100},
	Date-Modified = {2010-12-18 19:58:14 +0100},
	Doi = {10.1111/j.1365-2966.2008.14381.x},
	Eprint = {0812.2139},
	Journal = {\mnras},
	Keywords = {methods: observational , techniques: photometric , techniques: radial velocities , binaries: general , binaries: spectroscopic , {$\delta$} Scuti},
	Month = apr,
	Pages = {995-1008},
	Title = {{Binarity and multiperiodicity in high-amplitude {$\delta$} Scuti stars}},
	Volume = 394,
	Year = 2009,
	Bdsk-Url-1 = {http://dx.doi.org/10.1111/j.1365-2966.2008.14381.x}}

@article{2007A&A...466..269B,
	Adsnote = {Provided by the SAO/NASA Astrophysics Data System},
	Adsurl = {http://cdsads.u-strasbg.fr/abs/2007A%26A...466..269B},
	Author = {{Briquet}, M. and {Hubrig}, S. and {De Cat}, P. and {Aerts}, C. and {North}, P. and {Sch{\"o}ller}, M.},
	Date-Added = {2010-12-18 19:30:05 +0100},
	Date-Modified = {2010-12-18 19:30:05 +0100},
	Doi = {10.1051/0004-6361:20066940},
	Eprint = {arXiv:astro-ph/0702111},
	Journal = {\aap},
	Keywords = {stars: chemically peculiar, stars: magnetic fields, stars: oscillations, stars: fundamental parameters, stars: early-type, stars: individual: HD 175362},
	Month = apr,
	Pages = {269-276},
	Title = {{On the co-existence of chemically peculiar Bp stars, slowly pulsating B stars and constant B stars in the same part of the HR diagram}},
	Volume = 466,
	Year = 2007,
	Bdsk-Url-1 = {http://dx.doi.org/10.1051/0004-6361:20066940}}

@article{em08,
	Adsnote = {Provided by the SAO/NASA Astrophysics Data System},
	Adsurl = {http://adsabs.harvard.edu/abs/2008JPhCS.118a2010E},
	Archiveprefix = {arXiv},
	Author = {{Eyer}, L. and {Mowlavi}, N.},
	Date-Added = {2010-12-16 14:23:52 -0800},
	Date-Modified = {2011-01-09 15:49:17 -0800},
	Doi = {10.1088/1742-6596/118/1/012010},
	Eprint = {0712.3797},
	Journal = {Journal of Physics Conference Series},
	Month = oct,
	Number = 1,
	Pages = {012010},
	Title = {{Variable stars across the observational HR diagram}},
	Volume = 118,
	Year = 2008,
	Bdsk-Url-1 = {http://dx.doi.org/10.1088/1742-6596/118/1/012010}}

@inproceedings{2004SPIE.5200...79E,
	Adsnote = {Provided by the SAO/NASA Astrophysics Data System},
	Adsurl = {http://adsabs.harvard.edu/abs/2004SPIE.5200...79E},
	Author = {{Eads}, D.~R. and {Williams}, S.~J. and {Theiler}, J. and {Porter}, R. and {Harvey}, N.~R. and {Perkins}, S.~J. and {Brumby}, S.~P. and {David}, N.~A.},
	Booktitle = {Society of Photo-Optical Instrumentation Engineers (SPIE) Conference Series},
	Date-Added = {2010-12-04 09:16:03 -0800},
	Date-Modified = {2011-01-09 15:46:45 -0800},
	Doi = {10.1117/12.506611},
	Editor = {{B.~Bosacchi, D.~B.~Fogel, and J.~C.~Bezdek}},
	Pages = {79-90},
	Title = {{Multimodal approach to feature extraction for image and signal learning problems}},
	Volume = 5200,
	Year = 2004,
	Bdsk-Url-1 = {http://dx.doi.org/10.1117/12.506611}}

@article{2010blom,
	Adsnote = {Provided by the SAO/NASA Astrophysics Data System},
	Adsurl = {http://adsabs.harvard.edu/abs/2010ApJ...713L.204B},
	Archiveprefix = {arXiv},
	Author = {{Blomme}, J. and {Debosscher}, J. and {De Ridder}, J. and {Aerts}, C. and {Gilliland}, R.~L. and {Christensen-Dalsgaard}, J. and {Kjeldsen}, H. and {Brown}, T.~M. and {Borucki}, W.~J. and {Koch}, D. and {Jenkins}, J.~M. and {Kurtz}, D.~W. and {Stello}, D. and {Stevens}, I.~R. and {Suran}, M.~D. and {Derekas}, A.},
	Date-Added = {2010-12-04 09:12:56 -0800},
	Date-Modified = {2010-12-16 11:10:41 -0800},
	Doi = {10.1088/2041-8205/713/2/L204},
	Eprint = {1001.0507},
	Journal = {\apjl},
	Keywords = {binaries: eclipsing, methods: data analysis, methods: statistical, stars: variables: general, techniques: photometric},
	Month = apr,
	Pages = {L204-L207},
	Primaryclass = {astro-ph.SR},
	Title = {{Automated Classification of Variable Stars in the Asteroseismology Program of the Kepler Space Mission}},
	Volume = 713,
	Year = 2010,
	Bdsk-Url-1 = {http://dx.doi.org/10.1088/2041-8205/713/2/L204}}

@article{2009A&A...494..739S,
	Adsnote = {Provided by the SAO/NASA Astrophysics Data System},
	Adsurl = {http://adsabs.harvard.edu/abs/2009A%26A...494..739S},
	Archiveprefix = {arXiv},
	Author = {{Sarro}, L.~M. and {Debosscher}, J. and {L{\'o}pez}, M. and {Aerts}, C.},
	Date-Added = {2010-12-04 09:12:24 -0800},
	Date-Modified = {2010-12-04 09:12:24 -0800},
	Doi = {10.1051/0004-6361:200809918},
	Eprint = {0806.3386},
	Journal = {\aap},
	Keywords = {stars: variables: general, stars: binaries: general, techniques: photometric, methods: data analysis, methods: statistical},
	Month = feb,
	Pages = {739-768},
	Title = {{Automated supervised classification of variable stars. II. Application to the OGLE database}},
	Volume = 494,
	Year = 2009,
	Bdsk-Url-1 = {http://dx.doi.org/10.1051/0004-6361:200809918}}

@article{2008AN....329..288M,
	Adsnote = {Provided by the SAO/NASA Astrophysics Data System},
	Adsurl = {http://adsabs.harvard.edu/abs/2008AN....329..288M},
	Archiveprefix = {arXiv},
	Author = {{Mahabal}, A. and {Djorgovski}, S.~G. and {Turmon}, M. and {Jewell}, J. and {Williams}, R.~R. and {Drake}, A.~J. and {Graham}, M.~G. and {Donalek}, C. and {Glikman}, E. and {Palomar-QUEST team}},
	Date-Added = {2010-12-04 09:11:56 -0800},
	Date-Modified = {2010-12-04 09:11:56 -0800},
	Doi = {10.1002/asna.200710943},
	Eprint = {0802.3199},
	Journal = {Astronomische Nachrichten},
	Keywords = {astronomical databases: miscellaneous, methods: data analysis, methods: statistical, surveys},
	Pages = {288-291},
	Title = {{Automated probabilistic classification of transients and variables}},
	Volume = 329,
	Year = 2008,
	Bdsk-Url-1 = {http://dx.doi.org/10.1002/asna.200710943}}

@unpublished{2007arXiv0712.2898W,
	Adsnote = {Provided by the SAO/NASA Astrophysics Data System},
	Adsurl = {http://adsabs.harvard.edu/abs/2007arXiv0712.2898W},
	Archiveprefix = {arXiv},
	Author = {{Willemsen}, P.~G. and {Eyer}, L.},
	Date-Added = {2010-12-04 09:11:03 -0800},
	Date-Modified = {2011-06-14 14:18:55 -0700},
	Eprint = {0712.2898},
	Journal = {ArXiv e-prints},
	Keywords = {Astrophysics},
	Month = dec,
	Note = {arXiv/0712.2898},
	Title = {{A study of supervised classification of Hipparcos variable stars using PCA and Support Vector Machines}},
	Year = 2007}

@article{2004AJ....128.2965W,
	Adsnote = {Provided by the SAO/NASA Astrophysics Data System},
	Adsurl = {http://adsabs.harvard.edu/abs/2004AJ....128.2965W},
	Author = {{Wo{\'z}niak}, P.~R. and {Williams}, S.~J. and {Vestrand}, W.~T. and {Gupta}, V.},
	Date-Added = {2010-12-04 09:09:40 -0800},
	Date-Modified = {2010-12-04 09:09:40 -0800},
	Doi = {10.1086/425526},
	Journal = {\aj},
	Keywords = {Catalogs, Stars: AGB and Post-AGB, Stars: Variables: Other},
	Month = dec,
	Pages = {2965-2976},
	Title = {{Identifying Red Variables in the Northern Sky Variability Survey}},
	Volume = 128,
	Year = 2004,
	Bdsk-Url-1 = {http://dx.doi.org/10.1086/425526}}

@inproceedings{2008AIPC.1082..257E,
	Adsnote = {Provided by the SAO/NASA Astrophysics Data System},
	Adsurl = {http://adsabs.harvard.edu/abs/2008AIPC.1082..257E},
	Archiveprefix = {arXiv},
	Author = {{Eyer}, L. and {Jan}, A. and {Dubath}, P. and {Nienartovicz}, K. and {Blomme}, J. and {Debosscher}, J. and {De Ridder}, J. and {Lopez}, M. and {Sarro}, L.},
	Booktitle = {American Institute of Physics Conference Series},
	Date-Added = {2010-12-04 09:07:35 -0800},
	Date-Modified = {2010-12-04 09:07:35 -0800},
	Doi = {10.1063/1.3059058},
	Editor = {{C.~A.~L.~Bailer-Jones}},
	Eprint = {0901.2835},
	Keywords = {Astronomical catalogs, atlases, sky surveys, databases, retrieval systems, archives, etc., Quasars, Variable and peculiar stars},
	Month = dec,
	Pages = {257-262},
	Primaryclass = {astro-ph.IM},
	Series = {American Institute of Physics Conference Series},
	Title = {{Variability type classification of multi-epoch surveys}},
	Volume = 1082,
	Year = 2008,
	Bdsk-Url-1 = {http://dx.doi.org/10.1063/1.3059058}}

@article{2009MNRAS.400.1897S,
	Adsnote = {Provided by the SAO/NASA Astrophysics Data System},
	Adsurl = {http://adsabs.harvard.edu/abs/2009MNRAS.400.1897S},
	Archiveprefix = {arXiv},
	Author = {{Shin}, {M.-S.} and {Sekora}, M. and {Byun}, {Y.-I.}},
	Date-Added = {2010-12-04 09:06:08 -0800},
	Date-Modified = {2010-12-04 09:06:08 -0800},
	Doi = {10.1111/j.1365-2966.2009.15576.x},
	Eprint = {0908.2664},
	Journal = {\mnras},
	Keywords = {methods: data analysis , methods: statistical , stars: variables: other},
	Month = dec,
	Pages = {1897-1910},
	Primaryclass = {astro-ph.IM},
	Title = {{Detecting variability in massive astronomical time series data - I. Application of an infinite Gaussian mixture model}},
	Volume = 400,
	Year = 2009,
	Bdsk-Url-1 = {http://dx.doi.org/10.1111/j.1365-2966.2009.15576.x}}

@article{2007AJ....134.2398C,
	Adsnote = {Provided by the SAO/NASA Astrophysics Data System},
	Adsurl = {http://adsabs.harvard.edu/abs/2007AJ....134.2398C},
	Archiveprefix = {arXiv},
	Author = {{Covey}, K.~R. and {Ivezi{\'c}}, {\v Z}. and {Schlegel}, D. and {Finkbeiner}, D. and {Padmanabhan}, N. and {Lupton}, R.~H. and {Ag{\"u}eros}, M.~A. and {Bochanski}, J.~J. and {Hawley}, S.~L. and {West}, A.~A. and {Seth}, A. and {Kimball}, A. and {Gogarten}, S.~M. and {Claire}, M. and {Haggard}, D. and {Kaib}, N. and {Schneider}, D.~P. and {Sesar}, B.},
	Date-Added = {2010-12-04 09:01:00 -0800},
	Date-Modified = {2010-12-04 09:01:00 -0800},
	Doi = {10.1086/522052},
	Eprint = {0707.4473},
	Journal = {\aj},
	Month = dec,
	Pages = {2398-2417},
	Title = {{Stellar SEDs from 0.3 to 2.5 {$\mu$}m: Tracing the Stellar Locus and Searching for Color Outliers in the SDSS and 2MASS}},
	Volume = 134,
	Year = 2007,
	Bdsk-Url-1 = {http://dx.doi.org/10.1086/522052}}

@article{2007AJ....134.2236S,
	Adsnote = {Provided by the SAO/NASA Astrophysics Data System},
	Adsurl = {http://adsabs.harvard.edu/abs/2007AJ....134.2236S},
	Archiveprefix = {arXiv},
	Author = {{Sesar}, B. and {Ivezi{\'c}}, {\v Z}. and {Lupton}, R.~H. and {Juri{\'c}}, M. and {Gunn}, J.~E. and {Knapp}, G.~R. and {DeLee}, N. and {Smith}, J.~A. and {Miknaitis}, G. and {Lin}, H. and {Tucker}, D. and {Doi}, M. and {Tanaka}, M. and {Fukugita}, M. and {Holtzman}, J. and {Kent}, S. and {Yanny}, B. and {Schlegel}, D. and {Finkbeiner}, D. and {Padmanabhan}, N. and {Rockosi}, C.~M. and {Bond}, N. and {Lee}, B. and {Stoughton}, C. and {Jester}, S. and {Harris}, H. and {Harding}, P. and {Brinkmann}, J. and {Schneider}, D.~P. and {York}, D. and {Richmond}, M.~W. and {Vanden Berk}, D.},
	Date-Added = {2010-12-04 08:59:28 -0800},
	Date-Modified = {2010-12-04 08:59:28 -0800},
	Doi = {10.1086/521819},
	Eprint = {0704.0655},
	Journal = {\aj},
	Month = dec,
	Pages = {2236-2251},
	Title = {{Exploring the Variable Sky with the Sloan Digital Sky Survey}},
	Volume = 134,
	Year = 2007,
	Bdsk-Url-1 = {http://dx.doi.org/10.1086/521819}}

@article{2007AJ....134..973I,
	Adsnote = {Provided by the SAO/NASA Astrophysics Data System},
	Adsurl = {http://adsabs.harvard.edu/abs/2007AJ....134..973I},
	Author = {{Ivezi{\'c}}, {\v Z}. and {Smith}, J.~A. and {Miknaitis}, G. and {Lin}, H. and {Tucker}, D. and {Lupton}, R.~H. and {Gunn}, J.~E. and {Knapp}, G.~R. and {Strauss}, M.~A. and {Sesar}, B. and {Doi}, M. and {Tanaka}, M. and {Fukugita}, M. and {Holtzman}, J. and {Kent}, S. and {Yanny}, B. and {Schlegel}, D. and {Finkbeiner}, D. and {Padmanabhan}, N. and {Rockosi}, C.~M. and {Juri{\'c}}, M. and {Bond}, N. and {Lee}, B. and {Stoughton}, C. and {Jester}, S. and {Harris}, H. and {Harding}, P. and {Morrison}, H. and {Brinkmann}, J. and {Schneider}, D.~P. and {York}, D.},
	Date-Added = {2010-12-04 08:58:35 -0800},
	Date-Modified = {2010-12-04 08:58:35 -0800},
	Doi = {10.1086/519976},
	Eprint = {arXiv:astro-ph/0703157},
	Journal = {\aj},
	Month = sep,
	Pages = {973-998},
	Title = {{Sloan Digital Sky Survey Standard Star Catalog for Stripe 82: The Dawn of Industrial 1\% Optical Photometry}},
	Volume = 134,
	Year = 2007,
	Bdsk-Url-1 = {http://dx.doi.org/10.1086/519976}}

@unpublished{2009astro2010S.307W,
	Adsnote = {Provided by the SAO/NASA Astrophysics Data System},
	Adsurl = {http://adsabs.harvard.edu/abs/2009astro2010S.307W},
	Archiveprefix = {arXiv},
	Author = {{Walkowicz}, L.~M. and {Becker}, A.~C. and {Anderson}, S.~F. and {Bloom}, J.~S. and {Georgiev}, L. and {Grindlay}, J. and {Howell}, S. and {Long}, K. and {Mukadam}, A. and {Prsa}, A. and {Pepper}, J. and {Rau}, A. and {Sesar}, B. and {Silvestri}, N. and {Smith}, N. and {Stassun}, K. and {Szkody}, P.},
	Booktitle = {astro2010: The Astronomy and Astrophysics Decadal Survey},
	Date-Added = {2010-12-04 08:54:41 -0800},
	Date-Modified = {2011-01-09 16:17:37 -0800},
	Eprint = {0902.3981},
	Note = {ArXiv e-print 0902.3981},
	Pages = {307},
	Primaryclass = {astro-ph.SR},
	Series = {ArXiv Astrophysics e-prints},
	Title = {{The Impact of the Astro2010 Recommendations on Variable Star Science}},
	Volume = 2010,
	Year = 2009}

@article{2007doer,
	Adsnote = {Provided by the SAO/NASA Astrophysics Data System},
	Adsurl = {http://adsabs.harvard.edu/abs/2007AJ....133.2122D},
	Author = {{Doering}, R.~L. and {Meixner}, M. and {Holfeltz}, S.~T. and {Krist}, J.~E. and {Ardila}, D.~R. and {Kamp}, I. and {Clampin}, M.~C. and {Lubow}, S.~H.},
	Date-Added = {2010-11-23 19:51:19 -0800},
	Date-Modified = {2010-11-23 19:51:26 -0800},
	Doi = {10.1086/512610},
	Eprint = {arXiv:astro-ph/0701576},
	Journal = {\aj},
	Keywords = {Stars: Circumstellar Matter, stars: individual (HD 34282), Stars: Individual: Henry Draper Number: HD 97048, stars: individual (HD 139450), stars: individual (HD 158643), stars: individual (HD 159492), stars: individual (HD 195627)},
	Month = may,
	Pages = {2122-2131},
	Title = {{HD 97048's Circumstellar Environment as Revealed by a Hubble Space Telescope ACS Coronagraphic Study of Disk Candidate Stars}},
	Volume = 133,
	Year = 2007,
	Bdsk-Url-1 = {http://dx.doi.org/10.1086/512610}}

@article{2010grin,
	Adsnote = {Provided by the SAO/NASA Astrophysics Data System},
	Adsurl = {http://adsabs.harvard.edu/abs/2010Ap.....53..367G},
	Author = {{Grinin}, V.~P. and {Rostopchina}, A.~N. and {Barsunova}, O.~Y. and {Demidova}, T.~V.},
	Date-Added = {2010-11-23 19:47:29 -0800},
	Date-Modified = {2010-11-23 19:47:49 -0800},
	Doi = {10.1007/s10511-010-9128-7},
	Journal = {Astrophysics},
	Keywords = {stars, variable- individual, BF Ori},
	Month = jul,
	Pages = {367-372},
	Title = {{Mechanism for cyclical activity of the Herbig Ae star BF Ori}},
	Volume = 53,
	Year = 2010,
	Bdsk-Url-1 = {http://dx.doi.org/10.1007/s10511-010-9128-7}}

@article{2002mill,
	Adsnote = {Provided by the SAO/NASA Astrophysics Data System},
	Adsurl = {http://adsabs.harvard.edu/abs/2002ApJ...580L.167M},
	Author = {{Millan-Gabet}, R. and {Monnier}, J.~D.},
	Date-Added = {2010-11-23 19:04:38 -0800},
	Date-Modified = {2010-11-23 19:04:48 -0800},
	Doi = {10.1086/345590},
	Eprint = {arXiv:astro-ph/0210376},
	Journal = {\apjl},
	Keywords = {Infrared: Stars, Instrumentation: Adaptive Optics, Stars: Planetary Systems: Protoplanetary Disks, Stars: Formation, Techniques: High Anular Resolution},
	Month = dec,
	Pages = {L167-L170},
	Title = {{Discovery of a Near-Infrared Jetlike Feature in the Z Canis Majoris System}},
	Volume = 580,
	Year = 2002,
	Bdsk-Url-1 = {http://dx.doi.org/10.1086/345590}}

@article{2005stan,
	Adsnote = {Provided by the SAO/NASA Astrophysics Data System},
	Adsurl = {http://adsabs.harvard.edu/abs/2005ApJS..158..193S},
	Author = {{Stankov}, A. and {Handler}, G.},
	Date-Added = {2010-11-23 18:58:48 -0800},
	Date-Modified = {2010-11-23 18:58:57 -0800},
	Doi = {10.1086/429408},
	Eprint = {arXiv:astro-ph/0506495},
	Journal = {\apjs},
	Keywords = {Stars: Hertzsprung-Russell Diagram, Stars: Early-Type, Stars: Fundamental Parameters, Stars: Interiors, Stars: Oscillations, Stars: Variables: Other},
	Month = jun,
	Pages = {193-216},
	Title = {{Catalog of Galactic {$\beta$} Cephei Stars}},
	Volume = 158,
	Year = 2005,
	Bdsk-Url-1 = {http://dx.doi.org/10.1086/429408}}

@article{1999udal,
	Adsnote = {Provided by the SAO/NASA Astrophysics Data System},
	Adsurl = {http://adsabs.harvard.edu/abs/1999AcA....49....1U},
	Author = {{Udalski}, A. and {Soszynski}, I. and {Szymanski}, M. and {Kubiak}, M. and {Pietrzynski}, G. and {Wozniak}, P. and {Zebrun}, K.},
	Date-Added = {2010-11-23 15:03:12 -0800},
	Date-Modified = {2010-11-23 15:03:26 -0800},
	Eprint = {arXiv:astro-ph/9903391},
	Journal = {\actaa},
	Keywords = {CEPHEIDS, STARS: OSCILLATIONS, MAGELLANIC CLOUDS},
	Month = mar,
	Pages = {1-44},
	Title = {{The Optical Gravitational Lensing Experiment. Cepheids in the Magellanic Clouds. I. Double-Mode Cepheids in the Small Magellanic Cloud}},
	Volume = 49,
	Year = 1999}

@article{1997perr,
	Author = {Perryman, MAC and Lindegren, L. and Kovalevsky, J. and Hoeg, E. and Bastian, U. and Bernacca, PL and Cr{\'e}z{\'e}, M. and Donati, F. and Grenon, M. and Van Leeuwen, F. and others},
	Date-Added = {2010-11-23 14:54:18 -0800},
	Date-Modified = {2010-11-23 14:54:41 -0800},
	Issn = {0004-6361},
	Journal = {Astronomy and Astrophysics},
	Pages = {L49--L52},
	Title = {The HIPPARCOS catalogue},
	Volume = {323},
	Year = {1997}}

@article{2007tsou,
	Author = {Tsoumakas, G. and Katakis, I.},
	Date-Added = {2010-11-23 14:35:44 -0800},
	Date-Modified = {2010-11-23 14:35:59 -0800},
	Issn = {1548-3924},
	Journal = {International Journal of Data Warehousing and Mining},
	Number = {3},
	Pages = {1--13},
	Publisher = {Citeseer},
	Title = {Multi-label classification: An overview},
	Volume = {3},
	Year = {2007}}

@article{1996chee,
	Author = {Cheeseman, P. and Stutz, J.},
	Date-Added = {2010-11-08 13:52:36 -0800},
	Date-Modified = {2011-01-09 15:42:39 -0800},
	Journal = {Advances in knowledge discovery and data mining},
	Publisher = {Philadelphia, PA, USA},
	Title = {Bayesian classification (AutoClass): Theory and results},
	Volume = {180},
	Year = {1996}}

@article{2004bret,
	Adsnote = {Provided by the SAO/NASA Astrophysics Data System},
	Adsurl = {http://adsabs.harvard.edu/abs/2004MNRAS.353..369B},
	Author = {{Brett}, D.~R. and {West}, R.~G. and {Wheatley}, P.~J.},
	Date-Added = {2010-11-08 13:52:09 -0800},
	Date-Modified = {2010-11-08 13:52:50 -0800},
	Doi = {10.1111/j.1365-2966.2004.08093.x},
	Eprint = {arXiv:astro-ph/0408118},
	Journal = {\mnras},
	Keywords = {methods: data analysis, techniques: miscellaneous, astronomical data bases: miscellaneous, surveys, binaries: general, stars: general},
	Month = sep,
	Pages = {369-376},
	Title = {{The automated classification of astronomical light curves using Kohonen self-organizing maps}},
	Volume = 353,
	Year = 2004,
	Bdsk-Url-1 = {http://dx.doi.org/10.1111/j.1365-2966.2004.08093.x}}

@article{2005eyer1,
	Adsnote = {Provided by the SAO/NASA Astrophysics Data System},
	Adsurl = {http://adsabs.harvard.edu/abs/2005MNRAS.358...30E},
	Author = {{Eyer}, L. and {Blake}, C.},
	Date-Added = {2010-11-08 13:51:34 -0800},
	Date-Modified = {2010-11-08 13:53:03 -0800},
	Doi = {10.1111/j.1365-2966.2005.08651.x},
	Eprint = {arXiv:astro-ph/0406333},
	Journal = {\mnras},
	Keywords = {astronomical data bases: miscellaneous, catalogues, surveys, Cepheids, stars: variables: other},
	Month = mar,
	Pages = {30-38},
	Title = {{Automated classification of variable stars for All-Sky Automated Survey 1-2 data}},
	Volume = 358,
	Year = 2005,
	Bdsk-Url-1 = {http://dx.doi.org/10.1111/j.1365-2966.2005.08651.x}}

@article{2006bloc,
	Author = {Blockeel, H. and Schietgat, L. and Struyf, J. and D{\v{z}}eroski, S. and Clare, A.},
	Date-Added = {2010-11-04 17:37:43 -0700},
	Date-Modified = {2010-11-04 17:37:58 -0700},
	Journal = {Knowledge Discovery in Databases: PKDD 2006},
	Pages = {18--29},
	Publisher = {Springer},
	Title = {Decision trees for hierarchical multilabel classification: A case study in functional genomics},
	Year = {2006}}

@article{2006cesa,
	Author = {Cesa-Bianchi, N. and Gentile, C. and Zaniboni, L.},
	Date-Added = {2010-11-04 17:37:10 -0700},
	Date-Modified = {2010-11-04 17:38:06 -0700},
	Issn = {1532-4435},
	Journal = {The Journal of Machine Learning Research},
	Pages = {31--54},
	Publisher = {JMLR. org},
	Title = {Incremental algorithms for hierarchical classification},
	Volume = {7},
	Year = {2006}}

@article{2010sill,
	Author = {Silla, C.N. and Freitas, A.A.},
	Date-Added = {2010-11-04 17:36:07 -0700},
	Date-Modified = {2011-01-09 16:14:41 -0800},
	Issn = {1384-5810},
	Journal = {Data Mining and Knowledge Discovery},
	Number = {1-2},
	Pages = {31-72},
	Publisher = {Springer},
	Title = {A survey of hierarchical classification across different application domains},
	Volume = {22},
	Year = {2011}}

@article{2008vens,
	Author = {Vens, C. and Struyf, J. and Schietgat, L. and D{\v{z}}eroski, S. and Blockeel, H.},
	Date-Added = {2010-11-04 17:35:23 -0700},
	Date-Modified = {2010-11-04 17:38:15 -0700},
	Issn = {0885-6125},
	Journal = {Machine Learning},
	Number = {2},
	Pages = {185--214},
	Publisher = {Springer},
	Title = {Decision trees for hierarchical multi-label classification},
	Volume = {73},
	Year = {2008}}

@book{2000vapn,
	Author = {Vapnik, V.N.},
	Date-Added = {2010-11-04 15:56:50 -0700},
	Date-Modified = {2011-01-09 16:18:58 -0800},
	Isbn = {0387987800},
	Publisher = {Springer-Verlag, New York},
	Title = {The Nature of Statistical Learning Theory},
	Year = {2000}}

@article{2004wu,
	Author = {Wu, T.F. and Lin, C.J. and Weng, R.C.},
	Date-Added = {2010-11-04 15:49:20 -0700},
	Date-Modified = {2010-11-04 15:49:34 -0700},
	Issn = {1532-4435},
	Journal = {The Journal of Machine Learning Research},
	Pages = {975--1005},
	Publisher = {JMLR. org},
	Title = {Probability estimates for multi-class classification by pairwise coupling},
	Volume = {5},
	Year = {2004}}

@article{1998hast,
	Author = {Hastie, T. and Tibshirani, R.},
	Date-Added = {2010-11-04 15:48:32 -0700},
	Date-Modified = {2010-11-04 15:49:27 -0700},
	Issn = {0090-5364},
	Journal = {Annals of Statistics},
	Number = {2},
	Pages = {451--471},
	Publisher = {JSTOR},
	Title = {Classification by pairwise coupling},
	Volume = {26},
	Year = {1998}}

@unpublished{1996frie,
	Author = {Friedman, J.},
	Date-Added = {2010-11-04 15:47:30 -0700},
	Date-Modified = {2011-01-09 15:54:44 -0800},
	Note = {Technical report, Department of Statistics, Stanford University},
	Title = {Another approach to polychotomous classification},
	Year = {1996}}

@article{1990kner,
	Author = {Knerr, S. and Personnaz, L. and Dreyfus, G. and Fogelman, J. and Agresti, A. and Ajiz, M. and Jennings, A. and Alizadeh, F. and Alizadeh, F. and Haeberly, JP},
	Date-Added = {2010-11-04 15:46:32 -0700},
	Date-Modified = {2010-11-04 15:47:55 -0700},
	Journal = {Optimization Methods and Software},
	Pages = {23--34},
	Title = {Single-layer learning revisited: A stepwise procedure for building and training a neural network},
	Volume = {1},
	Year = {1990}}

@book{2006wass,
	Author = {Wasserman, L.},
	Date-Added = {2010-10-05 11:37:55 -0700},
	Date-Modified = {2011-01-09 16:18:43 -0800},
	Publisher = {Springer-Verlag, New York},
	Title = {All of nonparametric statistics},
	Year = {2006}}

@article{1989burm,
	Author = {Burman, P.},
	Date-Added = {2010-10-04 21:15:35 -0700},
	Date-Modified = {2010-10-04 21:15:51 -0700},
	Journal = {Biometrika},
	Number = {3},
	Pages = {503},
	Publisher = {Biometrika Trust},
	Title = {A comparative study of ordinary cross-validation, v-fold cross-validation and the repeated learning-testing methods},
	Volume = {76},
	Year = {1989}}

@article{2001frie,
	Abstract = {Function estimation/approximation is viewed from the perspective of numerical optimization in function space, rather than parameter space. A connection is made between stagewise additive expansions and steepest-descent minimization. A general gradient descent "boosting" paradigm is developed for additive expansions based on any fitting criterion. Specific algorithms are presented for least-squares, least absolute deviation, and Huber-M loss functions for regression, and multiclass logistic likelihood for classification. Special enhancements are derived for the particular case where the individual additive components are regression trees, and tools for interpreting such "TreeBoost" models are presented. Gradient boosting of regression trees produces competitive, highly robust, interpretable procedures for both regression and classification, especially appropriate for mining less than clean data. Connections between this approach and the boosting methods of Freund and Shapire and Friedman, Hastie and Tibshirani are discussed.},
	Author = {Friedman, Jerome H.},
	Copyright = {Copyright {\copyright} 2001 Institute of Mathematical Statistics},
	Date-Added = {2010-09-22 15:27:34 -0700},
	Date-Modified = {2010-09-22 15:27:53 -0700},
	Issn = {00905364},
	Journal = {The Annals of Statistics},
	Jstor_Articletype = {research-article},
	Jstor_Formatteddate = {Oct., 2001},
	Language = {English},
	Number = {5},
	Pages = {pp. 1189-1232},
	Publisher = {Institute of Mathematical Statistics},
	Title = {Greedy Function Approximation: A Gradient Boosting Machine},
	Url = {http://www.jstor.org/stable/2699986},
	Volume = {29},
	Year = {2001},
	Bdsk-Url-1 = {http://www.jstor.org/stable/2699986}}

@inproceedings{1996freu,
	Author = {Freund, Y. and Schapire, R.E.},
	Booktitle = {International Conference on Machine Learning},
	Date-Added = {2010-09-22 12:58:52 -0700},
	Date-Modified = {2011-01-09 15:53:25 -0800},
	Pages = {148--156},
	Title = {Experiments with a new boosting algorithm},
	Year = {1996}}

@article{2001brei,
	Author = {Breiman, L.},
	Date-Added = {2010-09-22 10:40:30 -0700},
	Date-Modified = {2010-09-22 10:40:39 -0700},
	Journal = {Machine learning},
	Number = {1},
	Pages = {5--32},
	Publisher = {Springer},
	Title = {Random forests},
	Volume = {45},
	Year = {2001}}

@book{2009hast,
	Author = {Hastie, T. and Tibshirani, R. and Friedman, J.},
	Date-Added = {2010-09-22 10:37:26 -0700},
	Date-Modified = {2010-09-22 10:39:01 -0700},
	Edition = {2},
	Publisher = {Springer, New York},
	Title = {The Elements of Statistical Learning: Data Mining, Inference, and Prediction.},
	Year = {2009}}

@article{1996brei,
	Author = {Breiman, L.},
	Date-Added = {2010-09-22 10:31:04 -0700},
	Date-Modified = {2010-09-22 10:31:16 -0700},
	Journal = {Machine learning},
	Number = {2},
	Pages = {123--140},
	Publisher = {Springer},
	Title = {Bagging predictors},
	Volume = {24},
	Year = {1996}}

@article{1984brei,
	Author = {Breiman, L. and Friedman, J.H. and Olshen, R.A. and Stone, C.J.},
	Date-Added = {2010-09-21 17:12:24 -0700},
	Date-Modified = {2010-09-22 10:32:31 -0700},
	Journal = {Wadsworth Inc},
	Title = {Classification and regression trees},
	Volume = {67},
	Year = {1984}}

@article{2007bail,
	Adsnote = {Provided by the SAO/NASA Astrophysics Data System},
	Adsurl = {http://adsabs.harvard.edu/abs/2007ApJ...665.1246B},
	Archiveprefix = {arXiv},
	Author = {{Bailey}, S. and {Aragon}, C. and {Romano}, R. and {Thomas}, R.~C. and {Weaver}, B.~A. and {Wong}, D.},
	Date-Added = {2010-09-21 11:35:21 -0700},
	Date-Modified = {2010-09-21 11:36:19 -0700},
	Doi = {10.1086/519832},
	Eprint = {0705.0493},
	Journal = {\apj},
	Keywords = {Methods: Data Analysis, Methods: Statistical, Stars: Supernovae: General, Techniques: Image Processing},
	Month = aug,
	Pages = {1246-1253},
	Title = {{How to Find More Supernovae with Less Work: Object Classification Techniques for Difference Imaging}},
	Volume = 665,
	Year = 2007,
	Bdsk-Url-1 = {http://dx.doi.org/10.1086/519832}}

@inproceedings{2009okee,
	Adsnote = {Provided by the SAO/NASA Astrophysics Data System},
	Adsurl = {http://adsabs.harvard.edu/abs/2009ASPC..411..318O},
	Author = {{O'Keefe}, P.~J. and {Gowanlock}, M.~G. and {McConnell}, S.~M. and {Patton}, D.},
	Booktitle = {Astronomical Society of the Pacific Conference Series},
	Date-Added = {2010-09-21 11:34:29 -0700},
	Date-Modified = {2011-01-09 16:04:46 -0800},
	Editor = {{D.~A.~Bohlender, D.~Durand, and P.~Dowler}},
	Month = sep,
	Pages = {318},
	Series = {Astronomical Society of the Pacific Conference Series},
	Title = {{Star-Galaxy Classification Using Data Mining Techniques with Considerations for Unbalanced Datasets}},
	Volume = 411,
	Year = 2009}

@article{2006ball,
	Adsnote = {Provided by the SAO/NASA Astrophysics Data System},
	Adsurl = {http://adsabs.harvard.edu/abs/2006ApJ...650..497B},
	Author = {{Ball}, N.~M. and {Brunner}, R.~J. and {Myers}, A.~D. and {Tcheng}, D.},
	Date-Added = {2010-09-21 11:33:39 -0700},
	Date-Modified = {2010-09-21 11:36:27 -0700},
	Doi = {10.1086/507440},
	Eprint = {arXiv:astro-ph/0606541},
	Journal = {\apj},
	Keywords = {Astronomical Data Bases: Miscellaneous, Catalogs, Methods: Data Analysis, Surveys},
	Month = oct,
	Pages = {497-509},
	Title = {{Robust Machine Learning Applied to Astronomical Data Sets. I. Star-Galaxy Classification of the Sloan Digital Sky Survey DR3 Using Decision Trees}},
	Volume = 650,
	Year = 2006,
	Bdsk-Url-1 = {http://dx.doi.org/10.1086/507440}}

@article{2005such,
	Adsnote = {Provided by the SAO/NASA Astrophysics Data System},
	Adsurl = {http://adsabs.harvard.edu/abs/2005AJ....130.2439S},
	Author = {{Suchkov}, A.~A. and {Hanisch}, R.~J. and {Margon}, B.},
	Date-Added = {2010-09-21 11:33:03 -0700},
	Date-Modified = {2010-09-21 11:36:33 -0700},
	Doi = {10.1086/497363},
	Eprint = {arXiv:astro-ph/0508501},
	Journal = {\aj},
	Keywords = {Astronomical Data Bases: Miscellaneous, Galaxies: Active, Galaxies: Distances and Redshifts, Galaxies: Quasars: General},
	Month = dec,
	Pages = {2439-2452},
	Title = {{A Census of Object Types and Redshift Estimates in the SDSS Photometric Catalog from a Trained Decision Tree Classifier}},
	Volume = 130,
	Year = 2005,
	Bdsk-Url-1 = {http://dx.doi.org/10.1086/497363}}

@article{2004evan,
	Author = {N.W. Evans and V. Belokurov},
	Date-Added = {2010-09-09 12:38:39 -0700},
	Date-Modified = {2010-09-09 12:41:43 -0700},
	Eprint = {astro-ph/0411439},
	Title = {A Prototype for Science Alerts},
	Url = {http://arxiv.org/abs/astro-ph/0411439},
	Year = {2004},
	Bdsk-Url-1 = {http://arxiv.org/abs/astro-ph/0411439}}

@article{1976lomb,
	Adsnote = {Provided by the SAO/NASA Astrophysics Data System},
	Adsurl = {http://adsabs.harvard.edu/abs/1976Ap%26SS..39..447L},
	Author = {{Lomb}, N.~R.},
	Date-Added = {2010-09-09 10:24:45 -0700},
	Date-Modified = {2010-09-09 10:25:04 -0700},
	Doi = {10.1007/BF00648343},
	Journal = {\apss},
	Keywords = {ASTRONOMY, DATA REDUCTION, LEAST SQUARES METHOD, BACKGROUND NOISE, POWER SPECTRA, SINE WAVES, SPECTRUM ANALYSIS, STATISTICAL ANALYSIS, VARIABLE STARS},
	Month = feb,
	Pages = {447-462},
	Title = {{Least-squares frequency analysis of unequally spaced data}},
	Volume = 39,
	Year = 1976,
	Bdsk-Url-1 = {http://dx.doi.org/10.1007/BF00648343}}

@article{1963barn,
	Adsnote = {Provided by the SAO/NASA Astrophysics Data System},
	Adsurl = {http://adsabs.harvard.edu/abs/1963BAN....17...22B},
	Author = {{Barning}, F.~J.~M.},
	Date-Added = {2010-09-09 10:24:19 -0700},
	Date-Modified = {2010-09-09 10:24:55 -0700},
	Journal = {\bain},
	Month = aug,
	Pages = {22-+},
	Title = {{The numerical analysis of the light-curve of 12 Lacertae}},
	Volume = 17,
	Year = 1963}

@article{1982scar,
	Adsnote = {Provided by the SAO/NASA Astrophysics Data System},
	Adsurl = {http://adsabs.harvard.edu/abs/1982ApJ...263..835S},
	Author = {{Scargle}, J.~D.},
	Date-Added = {2010-09-09 10:21:45 -0700},
	Date-Modified = {2010-09-09 10:22:06 -0700},
	Doi = {10.1086/160554},
	Journal = {\apj},
	Keywords = {ASTRONOMY, SIGNAL DETECTION, SPECTRUM ANALYSIS, STATISTICAL DISTRIBUTIONS, TIME SERIES ANALYSIS, FOURIER TRANSFORMATION, FREQUENCY RESPONSE, POWER SPECTRA, SIGNAL TO NOISE RATIOS},
	Month = dec,
	Pages = {835-853},
	Title = {{Studies in astronomical time series analysis. II - Statistical aspects of spectral analysis of unevenly spaced data}},
	Volume = 263,
	Year = 1982,
	Bdsk-Url-1 = {http://dx.doi.org/10.1086/160554}}

@article{1996stet,
	Adsnote = {Provided by the SAO/NASA Astrophysics Data System},
	Adsurl = {http://adsabs.harvard.edu/abs/1996PASP..108..851S},
	Author = {{Stetson}, P.~B.},
	Date-Added = {2010-09-09 10:20:29 -0700},
	Date-Modified = {2010-09-09 10:21:56 -0700},
	Doi = {10.1086/133808},
	Journal = {\pasp},
	Keywords = {CEPHEIDS, METHODS: NUMERICAL},
	Month = oct,
	Pages = {851-+},
	Title = {{On the Automatic Determination of Light-Curve Parameters for Cepheid Variables}},
	Volume = 108,
	Year = 1996,
	Bdsk-Url-1 = {http://dx.doi.org/10.1086/133808}}

@inproceedings{2005eyer,
	Adsnote = {Provided by the SAO/NASA Astrophysics Data System},
	Adsurl = {http://adsabs.harvard.edu/abs/2005ESASP.576..513E},
	Author = {{Eyer}, L.},
	Booktitle = {The Three-Dimensional Universe with Gaia},
	Date-Added = {2010-09-09 10:12:03 -0700},
	Date-Modified = {2011-01-09 15:47:49 -0800},
	Editor = {{C.~Turon, K.~S.~O'Flaherty, and M.~A.~C.~Perryman}},
	Eprint = {arXiv:astro-ph/0411674},
	Keywords = {Gaia, Survey, Variable stars, Data processing},
	Month = jan,
	Pages = {513},
	Series = {ESA Special Publication},
	Title = {{Variability Analysis: Detection and Classification}},
	Volume = 576,
	Year = 2005}

@article{2007debo,
	Adsnote = {Provided by the SAO/NASA Astrophysics Data System},
	Adsurl = {http://adsabs.harvard.edu/abs/2007A%26A...475.1159D},
	Archiveprefix = {arXiv},
	Author = {{Debosscher}, J. and {Sarro}, L.~M. and {Aerts}, C. and {Cuypers}, J. and {Vandenbussche}, B. and {Garrido}, R. and {Solano}, E.},
	Date-Added = {2010-09-09 10:09:06 -0700},
	Date-Modified = {2010-09-09 10:09:34 -0700},
	Doi = {10.1051/0004-6361:20077638},
	Eprint = {0711.0703},
	Journal = {\aap},
	Keywords = {stars: variables: general, stars: binaries: general, techniques: photometric, methods: statistical, methods: data analysis},
	Month = dec,
	Pages = {1159-1183},
	Title = {{Automated supervised classification of variable stars. I. Methodology}},
	Volume = 475,
	Year = 2007,
	Bdsk-Url-1 = {http://dx.doi.org/10.1051/0004-6361:20077638}}

@article{zech09,
	Adsnote = {Provided by the SAO/NASA Astrophysics Data System},
	Adsurl = {http://adsabs.harvard.edu/abs/2009A%26A...496..577Z},
	Archiveprefix = arXiv,
	Author = {{Zechmeister}, M. and {K{\"u}rster}, M.},
	Date-Modified = {2011-01-06 14:34:48 -0800},
	Doi = {10.1051/0004-6361:200811296},
	Eprint = {0901.2573},
	Journal = {\aap},
	Keywords = {methods: data analysis, methods: analytical, methods: statistical, techniques: radial velocities},
	Month = mar,
	Pages = {577-584},
	Primaryclass = astro-ph.IM,
	Title = {The generalised Lomb-Scargle periodogram. A new formalism for the floating-mean and Keplerian periodograms},
	Volume = 496,
	Year = 2009,
	Bdsk-Url-1 = {http://dx.doi.org/10.1051/0004-6361:200811296}}

@book{gregory05,
	Adsnote = {Provided by the SAO/NASA Astrophysics Data System},
	Adsurl = {http://adsabs.harvard.edu/abs/2005blda.book.....G},
	Author = {{Gregory}, P.~C.},
	Booktitle = {Bayesian Logical Data Analysis for the Physical Sciences: A Comparative Approach with `Mathematica' Support.~Edited by P.~C.~Gregory.~ISBN 0 521 84150 X (hardback); QA279.5.G74 2005 519.5'42 -- dc22; 200445930.~Published by Cambridge University Press, Cambridge, UK, 2005.},
	Date-Modified = {2011-01-09 16:01:11 -0800},
	Keywords = {Bayesian statistical decision theory, physical sciences - statistical methods, Mathematica (computer file)},
	Publisher = {Cambridge University Press},
	Title = {{Bayesian Logical Data Analysis for the Physical Sciences: A Comparative Approach with `Mathematica' Support}},
	Year = 2005}

@article{hb86,
	Adsnote = {Provided by the SAO/NASA Astrophysics Data System},
	Adsurl = {http://adsabs.harvard.edu/abs/1986ApJ...302..757H},
	Author = {{Horne}, J.~H. and {Baliunas}, S.~L.},
	Doi = {10.1086/164037},
	Journal = {\apj},
	Keywords = {COMPUTATIONAL ASTROPHYSICS, PERIODIC FUNCTIONS, TIME SERIES ANALYSIS, FOURIER ANALYSIS, PROBABILITY DISTRIBUTION FUNCTIONS, SAMPLING, SIGNAL TO NOISE RATIOS, VARIANCE (STATISTICS)},
	Month = mar,
	Pages = {757-763},
	Title = {{A prescription for period analysis of unevenly sampled time series}},
	Volume = 302,
	Year = 1986,
	Bdsk-Url-1 = {http://dx.doi.org/10.1086/164037}}
